2602 4710
323 235 582 312 moranus
616 189 956 333 annnrnnunn
1092 229 1164 356 ‘333

106 422 247 498 ducere
272 417 398 491 vitam.
462 415 609 490 Didium
640 416 714 507 est,
747 417 783 491 in
814 419 914 492 omni
945 437 1083 515 gemma
1108 433 1171 509 aut

106 515 318 617 primordio
352 519 482 607 plantae
508 515 715 606 delirescere
744 516 946 591 rudimenta
968 519 1170 611 foliorum,

106 639 226 713 parva
258 616 292 686 dr
328 611 551 704 constipata,
593 614 628 684 ἃ
662 615 737 686 haec
773 617 881 687 etiam
910 615 999 688 soiin
1031 616 1067 688 in
1101 615 1170 691 suis

106 717 192 789 niis
222 711 310 784 alias
335 710 495 785 minores
518 712 710 783 continere
737 733 917 807 gemmas,
955 735 1032 805 quac
1061 716 1171 789 etiam

106 812 269 907 squamis
293 806 459 880 foliaceis
483 829 564 881 cum
590 809 658 880 suis
682 810 885 882 minoribus
910 811 1058 905 gemmis
1082 832 1171 885 con·

106 908 228 986 stant:
265 926 453 999 quousque
481 923 600 979 autern
630 906 692 978 iile
717 906 786 979 sese
814 909 986 980 extendat
1015 908 1173 1004 progres-

106 1008 192 1097 sus,
218 1003 391 1078 hactenus
419 1024 529 1076 nemo
553 1002 674 1076 dicere
702 1005 835 1098 potuit.
887 1006 1043 1108 Quando
1075 1027 1173 1103 nunc

106 1099 373 1188 imminutio,
410 1098 669 1193 perfeuronen
709 1101 923 1192 consecuta,
957 1105 1201 1196 expellitur„

106 1202 277 1299 perdunt
310 1196 410 1270 tertii
448 1199 533 1271 anni
567 1199 658 1271 folia
694 1199 947 1273 abundantiam
983 1200 1174 1276 adfluentis

106 1299 237 1390 succi,
259 1297 293 1370 or
315 1295 361 1370 fic
385 1316 407 1366 a
428 1295 465 1368 se
487 1297 647 1369 invicem
670 1317 747 1369 non
764 1309 1021 1383 removentur,
1045 1298 1104 1371 sed
1120 1299 1174 1374 in-

106 1414 171 1474 ter
196 1390 521 1480 secohaerescunt,
549 1394 632 1466 data
664 1395 826 1467 liberiori
851 1395 913 1466 via
938 1395 1102 1467 medullae
1131 1396 1176 1470 ad

106 1497 218 1572 suum
256 1491 469 1586 properanti
500 1490 703 1585 fastigium,
741 1488 774 1564 dc
818 1507 893 1566 tum
929 1493 1176 1570 Perinnthium

108 1589 325 1669 conficiunt
359 1588 462 1664 folia.
531 1587 642 1692 Quod
679 1610 770 1660 vero
801 1589 1064 1663 Perianthium·
1084 1590 1177 1664 nihii

113 1690 218 1768 aliud
236 1689 292 1775 fit,
309 1707 416 1778 quam
437 1686 687 1781 approximata
707 1688 837 1779 plantae
855 1688 966 1776 folia,
994 1689 1032 1760 id
1052 1703 1177 1782 aperte

110 1783 901 1977 {iiiiiiPiiissiiiiiiiniiii
923 1786 1178 1978 irrisio

112 1980 273 2060 foliosus
297 1981 500 2071 exemplum
526 1979 642 2051 adhuc
666 1980 775 2072 longe
797 1981 928 2052 clarius
952 1979 1177 2072 suppeditat,

112 2082 225 2175 cujus
243 2077 334 2151 folia
352 2078 488 2168 calycis
509 2077 617 2168 ipsius
642 2078 772 2168 plantae
794 2075 968 2150 foliorum
989 2099 1177 2150 numerum

113 2188 277 2273 cquant.
342 2173 435 2247 Non
463 2195 554 2247 vero
583 2172 651 2245 alia
674 2175 797 2265 planta
819 2174 925 2265 hujus
949 2175 1001 2246 rei
1027 2173 1178 2247 manife-

113 2277 207 2352 nius
223 2274 363 2368 praebet
387 2272 612 2364 exemplum,
640 2291 745 2364 quam
768 2270 911 2364 quidem
936 2273 1179 2368 Mescrnbrynn·

114 2373 259 2452 therama
284 2373 470 2455 barinum,
499 2369 602 2461 cujus
627 2367 717 2442 folia
743 2367 836 2441 hanc
862 2367 1005 2461 prorsus
1030 2370 1179 2465 finguIa·

114 2468 361 2548 rem=habent
385 2466 537 2552 faciem,
572 2466 670 2557 quod
694 2464 771 2558 ipso
802 2466 906 2558 apice
939 2466 1022 2541 setis
1054 2466 1180 2562 rigidis

117 2565 409 2656 fasciculatisque
427 2563 496 2636 fint
511 2563 681 2650 barbata,
710 2562 829 2655 qualia
849 2563 888 2636 in
904 2565 1004 2637 nulla
1020 2586 1180 2657 unquam

119 2667 193 2742 alia
222 2665 348 2759 planta
371 2661 470 2752 vidi,
505 2661 571 2734 nisi
601 2661 700 2734 forte
728 2660 765 2734 in
796 2658 908 2733 Casto
941 2656 1179 2756 mammillari.

119 2760 285 2862 Quando
310 2781 412 2834 ¹vero
444 2759 605 2851 calycem
636 2756 1004 2850 Mesembryanthemi
1040 2758 1181 2833 barbati

119 2863 331 2943 intuemur,
358 2878 440 2930 eum
458 2855 617 2950 quinque
633 2853 774 2927 foliolis
794 2853 897 2948 apice
916 2856 1074 2929 barbatis
1092 2877 1181 2930 con·

119 2959 218 3035 stare
246 2957 504 3044 observamus,
540 2951 700 3045 ejusdem
717 2952 866 3045 prorsus
894 2952 1077 3048 singularis
1106 2953 1182 3026 ior·

119 3079 214 3145 mae,
241 3074 349 3148 quam
369 3051 441 3144 ipsa
462 3051 596 3124 habent
615 3049 706 3122 folia
730 3049 895 3138 catulino,
929 3050 1027 3143 quod
1050 3049 1207 3145 perspi·—

120 3175 235 3230 cuum
255 3151 308 3225 est
328 3149 464 3244 iignum
485 3149 647 3240 calycem
671 3146 919 3237 modificatum
943 3146 1011 3222 effe
1031 3148 1076 3220 ab
1100 3146 1183 3240 ipsrs

119 3251 240 3328 foliis.
290 3245 439 3320 Accidit
462 3245 606 3337 quidem
633 3242 833 3336 saepissime‚
867 3258 909 3316 ut
933 3243 1023 3317 folia
1047 3245 1184 3336 calycis

120 3351 194 3427 fint
216 3367 352 3443 parva,
386 3341 589 3430 conturna,
624 3339 773 3415 exsucca
800 3341 834 3414 dc
860 3343 910 3414 ita
935 3363 955 3414 a
981 3342 1080 3415 foliis
1103 3344 1206 3414 cau·'

121 3446 211 3523 linis
232 3441 418 3533 distiniia,
447 3455 488 3514 ut
505 3439 586 3513 sunt
603 3439 752 3532 squama
768 3460 987 3534 gemmarum
1011 3441 1056 3514 ab
1079 3440 1185 3533 ipsius

123 3543 270 3620 arboais
286 3540 410 3625 foliis3
433 3540 522 3611 licet
538 3559 650 3610 unum
668 3537 835 3629 idemque
856 3537 1053 3630 agnoscant
1077 3536 1186 3632 prim·

110 3639 285 3717 ordinm.
330 3637 437 3712 Folia
470 3652 589 3710 autem
619 3636 785 3728 calycina
814 3633 931 3708 nihilo
965 3651 1085 3710 tamen
1118 3635 1185 3712 mi-

124 3735 390 3830 nus‘ejusdenr
421 3732 490 3807 effe
523 3749 659 3806 naturae
696 3754 777 3806 curn
810 3733 912 3806 foliis
952 3737 1105 3827 plante,
1149 3731 1187 3804 id

123 3835 369 3912 alia-rarione
387 3833 514 3904 videre
544 3829 747 3923 poiiumus‚
779 3829 937 3904 examini
960 3829 1187 3927 subjiciendo

124 3926 923 4033 plantae:luxuriantemdioniiuspransuris,⁴
951 3951 987 4010 e.
1008 3930 1043 4028 g'.
1070 3925 1189 4023 Rosam

198 4085 201 4093 .
433 4093 435 4098 ,
1023 4096 1026 4102 ,
1088 4035 1188 4098 'dut
