2602 4716
279 255 534 350 ldoltsURA
567 260 898 348 SERPENTUM.
1049 274 1122 357 aaa

151 444 396 524 Pervenimus
418 448 465 523 src
481 447 526 522 ad
547 445 645 521 aliud
666 466 768 540 aque
785 442 1007 519 celebratum
1022 436 1123 516 Ana·

56 541 218 620 &orum
233 545 479 639 Antidotum,
504 547 540 619 in
569 544 673 618 India
697 541 867 617 orientali
895 539 1004 616 iaclle
1028 535 1122 611 anti·

58 641 272 736 quiliimum.
302 643 366 719 Est
385 665 477 718 vero
492 643 581 716 illud
601 645 819 738 Ophiorrliza
837 640 996 732 olongos,
1015 635 1122 728 cuiue

59 739 272 828 historiam,
298 763 370 816 nec
393 764 471 816 non
492 741 656 814 divinum
678 739 931 828 fere,conna
949 734 1038 809 inus
1058 751 1124 804 co·

59 837 152 913 lubri
186 835 295 934 Najae
325 837 451 931 usum,
483 838 626 914 colubri
668 838 803 930 loquor
834 828 1121 924 venenatiliimi,

10 983 12 998 ι
60 936 459 1013 nculennrmattavit
482 937 519 1012 in
537 934 747 1012 Amoenitat
764 931 1003 1027 Ketnpierua.
1035 924 1121 1003 Nee

62 1034 212 1115 multum
238 1033 279 1110 in
310 1036 389 1130 eiua
412 1035 689 1111 adumbratione
711 1030 983 1120 desudabimus,
1021 1021 1122 1121 quod

10 1194 12 1213 .
63 1130 168 1206 nobie
194 1132 234 1207 in
259 1133 327 1208 hae
350 1154 390 1208 re
408 1134 526 1209 otium
549 1132 641 1208 fecit
658 1130 748 1206 Dani
767 1127 954 1204 Alielsoris
978 1118 1121 1200 Darelii
1235 1124 1242 1133 ’

10 1222 13 1267 ²
62 1223 274 1306 Dissertatio
302 1233 365 1306 lon
392 1253 413 1307 e
440 1229 704 1328 elegantiffima.
762 1227 848 1303 Hoc
879 1246 973 1299 vero
994 1222 1121 1318 potiue

63 1325 203 1419 juvabit
229 1328 358 1409 monui
415 1381 428 1421 ,
458 1329 580 1432 quod,
609 1348 691 1402 cum
715 1326 884 1403 tantast
912 1323 1019 1417 hujus
1044 1341 1120 1394 me·

64 1422 256 1503 <linamenti
280 1425 463 1518 efficacia,
488 1425 673 1524 prestabit
693 1426 810 1505 multo
827 1422 937 1511 illud,
968 1442 1036 1495 ceu
1057 1439 1121 1492 ve·

64 1540 135 1599 tutu
148 1523 291 1618 lignum
303 1525 549 1614 colubrinum,
569 1524 606 1598 in
628 1524 751 1600 locum
770 1518 940 1615 strychni
960 1515 1120 1593 colubrio

63 1618 97 1692 ai
116 1618 334 1715 adsciscere,
358 1624 483 1718 cuiue,
509 1623 534 1704 sr
557 1643 633 1699 non
657 1621 812 1697 omnino
834 1621 978 1710 nullus,
1003 1614 1120 1695 saltim

64 1718 247 1814 ambiguus
273 1719 354 1795 usus
381 1721 554 1797 cernitur.

150 1833 265 1928 Lapir
278 1834 486 1930 serpentina,
511 1832 624 1911 Pedra
653 1833 698 1909 de
722 1833 863 1909 Cobras
896 1830 932 1908 di
960 1830 1118 1929 capello,

64 1929 148 2022 quasa
187 1928 301 2024 Lapis
328 1927 507 2009 desumtus
536 1955 558 2007 e
585 1932 706 2027 capite
731 1929 884 2012 colubri
908 1928 1037 2023 Nate,
1067 1928 1119 2003 ia·

63 2025 177 2101 nosos
221 2046 289 2121 per
332 2041 448 2105 totam
490 2029 652 2122 Indiam,
697 2043 867 2124 tanquam
910 2025 1119 2125 specificam

62 2137 186 2198 contin
214 2123 420 2201 Morsuram
441 2124 645 2223 serpentum
669 2127 890 2209 exclamatus
914 2147 934 2199 a
959 2123 1117 2221 Geraia,

61 2221 239 2296 Kirehero
276 2222 451 2320 aliisque,
495 2227 610 2301 lentur
641 2224 686 2299 ad
729 2225 864 2305 vulnus
896 2233 1119 2302 venenatum

63 2317 282 2415 adplicatur,
318 2324 554 2421 usquedum
586 2322 715 2428 sponte
745 2322 830 2399 inde
859 2319 1027 2413 decidat,
1057 2316 1118 2397 ab·

62 2414 206 2491 sorbere
238 2438 350 2497 omne
384 2441 589 2510 venenum
631 2419 690 2496 sed
720 2421 799 2516 etus
828 2418 909 2500 usus
940 2416 1119 2514 suspectus

60 2512 211 2590 habetur
246 2517 349 2608 aliia,
390 2539 460 2593 noc
486 2518 606 2595 Redio
640 2517 822 2611 successit,
864 2520 924 2613 qui
962 2518 1119 2612 plurima

61 2632 138 2688 cum
159 2613 292 2689 eodem
315 2613 473 2693 instituit
487 2639 532 2691 ex
560 2620 748 2695 erimentt.
786 2616 935 2692 Plurimi
954 2613 1119 2694 statuunt

60 2707 152 2785 lune
175 2709 334 2807 lapidem
362 2713 431 2789 else
455 2639 702 2810 attiliciclem,
725 2737 796 2801 nec,
819 2714 885 2794 nili
908 2734 1009 2797 tuere
1025 2710 1119 2796 Cot·

63 2825 107 2882 nu
129 2809 234 2895 cmvi,
256 2808 387 2899 ustum.

409 2949 770 3035 EXCANTATIO.

150 3051 480 3136 OPHIOGENES
526 3061 627 3142 fuisse
671 3060 854 3156 quondam
888 3061 1021 3163 Psyllos
1054 3059 1116 3145 ll,

64 3152 137 3249 bye
169 3155 205 3238 u
236 3157 371 3251 Marsos
402 3157 515 3233 ltaliae
547 3161 707 3254 populos
738 3160 974 3238 excantandia
1005 3156 1118 3235 Colo·

63 3251 129 3327 bria
167 3253 204 3327 dt
242 3251 464 3331 medicandis
498 3257 713 3352 Serpentum
742 3258 919 3334 morsibus
947 3259 1115 3353 nobiles,

64 3349 231 3426 testantur
264 3350 447 3444 Ovidius,
482 3355 620 3436 Plinius
651 3356 785 3453 aliique
808 3369 989 3438 veterum.
1040 3355 1117 3455 Hi,

63 3444 236 3544 serpentes
257 3449 366 3535 etiam
387 3453 681 3533 venenatiffimos
700 3454 861 3538 innocue
892 3452 1116 3547 tradiabant,

63 3543 302 3638 dilaniabant,
328 3547 502 3643 virusque
532 3572 659 3637 eorum
693 3551 911 3647 corporibus
938 3551 1114 3631 infliiium

578 3649 614 3722 O
640 3672 665 3739 4
1050 3671 1112 3729 ex·

133 3827 230 3894 eaque
247 3790 448 3892 parte-fricet
465 3811 579 3876 vulnus
602 3812 773 3889 inflictum,
802 3816 864 3878 hoc
883 3771 1113 3887 iffi

134 3912 172 3954 ee
241 3904 378 3973 purtem,
395 3890 460 3987 ‚sale
475 3888 614 3955 imiliter
632 3892 792 3969 infestam,
812 3896 909 4040 Effare
924 3896 1006 3963 ueste
1026 3898 1113 3981 supra

131 3969 1112 4143 „aiil‘ditiliisilint'isiiillgill
