2602 4710
318 234 529 313 POLITIA
556 234 804 311 NATURAE.
1034 246 1084 319 a?
1123 298 1130 309 .

32 436 114 491 van
133 412 318 514 attingat,
355 412 429 507 ipse
459 414 556 489 enirn
584 416 704 509 major
732 415 807 506 cst,
839 414 945 588 aponi
967 424 1011 487 ut
1034 413 1090 489 in6

36 530 126 591 true
153 517 306 600 valeat3
348 511 460 586 cauda
490 511 599 607 igitur
636 515 788 588 ovulurn
821 534 840 586 a
877 513 932 609 git
957 512 1089 605 larva,
1228 586 1232 593 .

80 612 128 687 od
162 610 350 686 exclusum
383 609 553 702 phaiaenae
581 609 787 685 strobileilae
830 613 965 685 larvam
986 629 1090 703 pror·

116 709 287 785 destruit.
349 706 419 781 Sed
448 729 494 783 nc
524 708 596 782 boc
629 706 822 797 insedium,
867 707 936 782 sese
966 706 1090 781 multi·

35 806 203 904 plicando
241 806 376 903 lingula
410 804 540 893 tollat,
583 807 772 881 chncunwn
805 808 1009 904 Moderato·
1029 802 1090 881 ad·

35 902 103 996 cst,
135 904 314 981 insedium
339 903 446 976 valde
467 903 661 999 exiguum,
693 905 791 998 quod
817 926 882 999 per
910 902 1090 979 foramina

35 1002 167 1092 intrat,
208 1002 247 1075 u
282 1002 395 1076 larvis
438 998 697 1075 Ichneumonis
734 1001 941 1077 strobiiellae
976 1002 1089 1077 ovula

31 1098 89 1174 sua
123 1100 312 1193 imponit,
345 1097 477 1192 quibua
507 1099 657 1175 exclufis
690 1099 936 1192 devorantur,
972 1101 1090 1177 obser·
1162 1140 1172 1161 ·

33 1212 144 1273 vante
170 1198 226 1277 D.
247 1198 425 1273 Rolntdro.

129 1360 189 1427 ις.
235 1338 464 1413 Prummu
496 1336 628 1426 larvae,
661 1356 740 1430 qnae
772 1339 900 1411 arbores
932 1336 966 1409 dr
994 1343 1091 1435 pient·

36 1450 85 1510 ur
118 1432 367 1523 consumunt,
407 1432 489 1506 suos
522 1453 667 1525 quoque
694 1434 829 1509 habent
866 1436 901 1507 in
930 1433 1011 1529 ipsu
1035 1434 1090 1511 in·

36 1530 136 1609 sestis
156 1532 377 1627 superiores.
431 1532 569 1618 carah,
590 1530 724 1620 notin,
739 1533 775 1607 in
789 1533 957 1606 arborum
971 1552 1092 1609 rarnoa

36 1632 228 1717 ersdiunt,
269 1628 326 1718 dr,
354 1629 473 1701 larvas
502 1627 745 1727 Phalanarurn
772 1628 939 1706 inventas
971 1642 1092 1704 come·

36 1728 146 1818 dunt,
182 1726 278 1799 teste
310 1726 517 1800 naumann.
575 1725 651 1823 Qui
685 1727 795 1823 igitur
826 1726 1025 1801 fruiiiictas
1053 1729 1093 1803 in

36 1826 152 1901 hortis
190 1827 305 1899 aiunt
338 1824 509 1913 arbores,
550 1836 679 1896 contra
715 1825 834 1899 larvas
874 1824 941 1898 vix
978 1827 1091 1900 nilum

37 1922 265 2017 prestantius
299 1920 495 1993 inveniunt
520 1920 739 2009 remedium,
774 1942 878 2015 quarn
911 1935 954 1999 ut
984 1922 1092 1997 Cara·

38 2024 98 2095 bor
124 2020 333 2114 colligant,
359 2038 556 2111 eorumque
586 2039 660 2091 ova
689 2018 733 2093 ad
758 2020 897 2092 radices
923 2021 1094 2095 arborum

42 2117 291 2204 diiieminent,
327 2136 407 2208 qua
445 2114 586 2189 exclusa
620 2114 684 2188 suo
716 2117 754 2191 in
784 2117 915 2209 politia
940 2117 1092 2191 Natura

43 2236 111 2291 non
138 2214 277 2289 desunt
308 2211 453 2305 officio,
482 2210 540 2287 sed
565 2212 734 2288 alimenta
758 2214 952 2308 querendo
975 2214 1093 2311 super·

41 2312 107 2389 dua
141 2314 362 2405 decerpunt.

131 2462 192 2531 16.
231 2450 455 2545 Ubicunque
492 2449 684 2527 SORDES
715 2451 822 2545 sunt,
864 2474 910 2526 eo
942 2473 1093 2548 congrea
1194 2487 1198 2491 ·

39 2568 165 2650 ganmr
190 2562 295 2625 cotta
323 2549 471 2641 insecia,
500 2571 578 2645 quae
603 2550 667 2627 fibi
693 2552 727 2625 dt
754 2549 823 2625 suis
851 2550 997 2626 foetibus
1029 2572 1095 2625 nu·

40 2652 212 2725 nimenta
250 2646 480 2741 colligendo,
520 2648 645 2723 orbem
688 2647 787 2722 fimul
805 2648 998 2744 ,praestant
1030 2671 1096 2741 pu·

39 2748 184 2835 norem.
259 2749 385 2819 Calices
425 2767 524 2839 aquo
565 2745 714 2839 imputa
758 2746 792 2819 u
833 2745 984 2842 putrida
1021 2750 1096 2819 ova

41 2846 300 2931 committunt3
346 2843 467 2939 Musca
496 2850 610 2940 putris
641 2844 679 2917 in
708 2844 932 2931 volutabris,
973 2832 1096 2941 Musca

41 2944 208 3041 dorneflitu
245 2940 284 3013 in
318 2937 471 3029 fimetis;
517 2940 586 3014 Mu
601 2964 639 3013 ca
673 2942 801 3033 Castum
836 2947 1028 3027 vomitorio,
1060 2940 1096 3013 dc

42 3046 215 3127 canaria,
254 3037 293 3110 in
331 3037 565 3111 cadaveribus
608 3037 806 3132 majoribus
840 3038 1096 3135 propagationi

41 3135 127 3215 dant
160 3156 336 3231 operam,
375 3134 410 3233 dt
441 3156 521 3209 curn
559 3156 606 3209 cx
635 3136 692 3209 his
719 3135 902 3229 postremo
932 3138 1097 3209 nomina·

42 3238 85 3311 tir
125 3235 275 3327 finguiae
311 3234 441 3307 multas
472 3254 629 3307 ovorum
661 3234 842 3307 centurias
872 3232 1096 3328 producant,

82 3355 238 3409 ncarum
276 3330 429 3405 omnino
461 3328 663 3404 Muscarurn
705 3331 902 3418 cohortes,
942 3329 1098 3403 cadaver

70 3432 133 3525 qui
167 3429 318 3503 maximi
348 3448 451 3521 eque
474 3428 577 3519 cito,
609 3450 652 3501 ac
682 3426 784 3517 Leo,
807 3429 985 3530 devorare
1014 3424 1096 3521 'pos-

42 3528 141 3615 iunt,
179 3548 253 3601 nec
287 3527 351 3600 nist
388 3524 547 3599 sceieton
585 3525 715 3599 futore
749 3524 956 3598 destitutum
988 3524 1099 3599 relin-

49 3642 170 3717 quunt.
224 3624 287 3696 Ne
312 3644 404 3697 vcro
424 3621 526 3717 supra
555 3622 700 3697 modurn
730 3623 784 3695 hae
813 3645 940 3696 ornnes
974 3644 1098 3697 cumu-

48 3722 187 3813 lentur,
228 3743 304 3795 non
335 3741 450 3815 panca
476 3721 532 3793 his
561 3742 705 3814 quoquc
730 3719 960 3794 moderandis
989 3740 1098 3793 occu·

45 3834 186 3913 panntr.
261 3820 412 3893 Arnnee.
446 3818 483 3892 in
525 3818 663 3892 cundia
702 3818 842 3913 sepibus
878 3816 912 3889 dt
946 3817 1097 3893 arbustis

43 3918 134 3993 retia
168 3919 233 3993 sua
264 3918 471 4015 explicant,
507 3915 781 4003 &innumerat-
799 3916 960 4013 capiunt.
1008 3910 1105 4085 Aesis*
