2602 4716
428 217 611 297 *Porus
643 217 866 300 COFFEAE.
1094 212 1183 305 'ior

124 426 189 484 nos
213 403 253 480 la
282 419 417 476 onustes
440 397 566 475 muudi
595 398 717 495 plagas
741 398 850 487 facile
879 399 1043 493 alletlrt,
1070 405 1183 499 etjam

124 498 397 586 renouffirmm
431 495 518 571 inde
554 497 665 575 nubis
701 496 849 571 aliarum
883 501 1054 594 gentium·
1077 517 1184 578 terr·

124 603 305 677 &mores
338 596 559 686 innotuere,
595 608 667 670 tam
695 593 806 684 boni,
841 617 947 689 quam
974 601 1068 672 mali.
1120 597 1183 675 ln.

122 713 173 775 ter
202 695 366 773 maxima
394 693 569 782 inventa,
596 689 896 788 ·que·benedcio
933 696 1181 791 navigationis

122 790 489 970 rar-n
977 794 1180 967 “m

120 922 123 927 ’
181 940 189 951 ·
1160 913 1181 968 a

122 989 353 1067 inventionis
377 938 493 1082 glorie
511 985 689 1061 ¹llrnerico
711 983 892 1079 Vesputio
914 913 1065 1064 ceilcrqit
1101 988 1180 1067 Na·

122 1087 303 1187 rigationi
347 1086 457 1177 etjam
492 1081 559 1157 adsi
610 1102 711 1158 amus
749 1080 889 1158 indiam
928 1084 1179 1169 orientalem·

97 1190 269 1283 ‚ejusque
300 1182 434 1258 insulsa
458 1179 556 1256 felici
596 1201 693 1271 mar,
722 1200 932 1275 mercesque
958 1182 1100 1278 varies,
1129 1188 1179 1262 ab

123 1299 272 1379 utraque
308 1280 415 1356 India
455 1276 681 1373 repetendae.
751 1278 788 1351 Si
812 1295 936 1356 mente
965 1302 1008 1357 ac
1035 1283 1178 1382 eogiu.

124 1384 222 1457 tione
257 1379 384 1455 omnia
409 1376 600 1465 adeamus,
626 1397 704 1469 qun
727 1377 914 1454 recentior
943 1379 1180 1477 investigavit

123 1495 224 1566 etas,
269 1491 373 1557 certe
408 1473 517 1552 ruder
547 1472 709 1550 dicemus
747 1477 928 1568 majores,
958 1480 1179 1572 quinorum

124 1579 286 1655 omnium
313 1574 428 1670 ignari
452 1570 590 1647 vixere.
644 1571 693 1646 Hi
715 1570 870 1667 Spiritus
893 1573 1083 1668 ardentes,
1106 1576 1178 1653 Ni·

123 1674 332 1764 cotianam,
368 1668 531 1761 Theam,
567 1667 756 1756 Coffeam‚
794 1660 1037 1766 saccharum,
1081 1674 1178 1750 seri.

125 1796 225 1864 cum,
255 1771 435 1853 Aromata
467 1765 639 1860 plurima,
673 1766 903 1845 &sexcenta
932 1768 1024 1861 alia,
1066 1774 1177 1850 nobis

124 1872 229 1944 hodie
264 1862 500 1956 ufitatiffima‚
547 1863 795 1959 ignorabantz,
835 1863 962 1939 humili
1006 1873 1198 1957 contenti,

124 1967 242 2057 sorte,
274 1963 409 2049 nostris
439 1960 671 2039 &fortiores
702 1960 737 2036 dc
771 1956 979 2053 feliciores,
1009 1985 1053 2039 ea
1082 1966 1179 2059 sper.

125 2080 272 2155 nentes,
305 2082 383 2154 que
412 2059 589 2134 hodierna
613 2058 818 2141 introduxit
839 2060 1002 2150 luxurie,
1027 2062 1065 2137 i'n
1093 2084 1177 2138 cor.

80 2162 84 2167 ’
126 2182 249 2255 porum
280 2158 402 2259 usum,
424 2170 526 2232 certe
547 2178 622 2234 non
648 2156 841 2249 optimum.
891 2155 972 2253 Nili
994 2158 1076 2251 quis
1104 2183 1177 2239 noc

127 2258 306 2332 feliciores
330 2255 469 2351 iudicet
500 2255 551 2328 ob
575 2251 733 2328 detectas
757 2253 881 2333 Potuli
904 2271 1092 2351 urgentem
1117 2278 1176 2355 ga·

129 2379 205 2442 aas,
247 2376 338 2448 quas
369 2350 551 2427 laboriose
581 2373 628 2428 er
661 2365 765 2428 terre
793 2350 992 2428 visceribus
1026 2369 1175 2452 erutas,

128 2474 251 2548 magno
286 2472 371 2525 curn
410 2449 574 2544 periculo
608 2448 647 2545 in
686 2447 871 2547 Europam
902 2450 1175 2548 transferimus,

129 2573 189 2624 nec
223 2551 344 2624 minus
379 2547 531 2641 ancipiti
559 2546 640 2619 casu
671 2546 715 2619 ad
745 2542 1026 2639 disiundiissirnas
1060 2549 1175 2627 India

129 2647 322 2723 orientalis
352 2644 520 2719 barbaras
556 2659 669 2717 terras
701 2642 895 2719 deferimus
928 2645 963 2718 dr
1001 2646 1173 2740 dilapida-

128 2768 221 2835 nus,
255 2742 357 2819 arida
385 2742 477 2816 solia
502 2740 677 2820 fruticum
709 2740 743 2815 dt
772 2739 832 2816 fila
860 2743 1040 2818 larvarum
1070 2759 1174 2820 tenu·

127 2842 227 2920 riima
264 2838 497 2937 reportaturi.
551 2842 604 2914 At
627 2859 720 2913 vero
752 2839 848 2915 inter
881 2841 970 2918 alia.
1007 2862 1085 2933 qua
1117 2864 1176 2917 re·

126 2939 307 3028 ducimus,
347 2936 576 3015 numeranda
613 2952 721 3013 erunt
747 2935 796 3013 lic
825 2935 927 3010 dicta
954 2937 1062 3011 Faba
1087 2937 1174 3014 Cof·

125 3037 207 3129 fea,
235 3059 315 3151 quae
346 3048 448 3111 tanta
479 3034 588 3130 copia
621 3034 732 3111 hodie
766 3035 1031 3128 importantur,
1056 3047 1099 3113 ut
1124 3033 1176 3112 st·

125 3126 168 3208 tis
196 3133 328 3209 ‘mirari
365 3153 605 3227 nequeamus,
649 3130 762 3217 Indos
795 3133 832 3206 in
866 3131 936 3206 suis
960 3134 1065 3207 terris
1099 3134 1192 3211 tam'

125 3232 252 3328 largam
279 3230 449 3305 obtinere
477 3228 643 3319 mellem,
679 3250 757 3324 qua
783 3241 844 3302 tot
877 3227 1077 3308 nostratum
1104 3229 1174 3305 sui·

126 3327 220 3407 liciat
251 3327 358 3425 gulis.
417 3326 524 3402 Hanc
554 3341 674 3402 tamen
714 3325 1040 3402 considerationem
1077 3327 1173 3420 illis,

128 3422 251 3525 mbos
274 3447 370 3502 curn
404 3422 478 3517 est,
513 3426 642 3500 lubens
673 3423 865 3517 relinqu03
905 3422 995 3497 mihi
1032 3424 1174 3502 animus

127 3535 259 3601 nutum
283 3521 527 3619 erit,·paucis
555 3521 721 3597 differere
753 3519 802 3596 de
825 3533 917 3617 potu
947 3521 1016 3614 illo
1040 3520 1174 3602 Orien·

126 3621 402 3711 tali-Arabico,
446 3641 552 3714 quern
592 3619 782 3694 decoctum
826 3616 1036 3694 cottum
1075 3621 1174 3694 dlc'e·

125 3738 160 3791 rc
175 3723 290 3796 moria
312 3717 387 3811 est,
414 3716 564 3812 eiusque
586 3716 786 3813 originem,
816 3718 1117 3811 preparationem
1137 3719 1175 3793 u

121 3815 269 3894 means
296 3817 500 3912 peculiares
526 3835 724 3912 exponere.
771 3811 830 3889 Te
851 3828 944 3890 vero
969 3812 1011 3891 L.
1036 3816 1076 3890 B.
1107 3837 1173 3904 ea,

167 3916 258 3996 Tum.
276 3914 348 3994 Vl,
682 3907 716 3988 L
798 3940 803 3949 ·
952 3942 956 3947 ·
1099 3931 1188 4006 qua·
