2602 4716
309 255 570 375 rnouarsrs
606 259 946 339 etnuranuu.
1086 287 1159 364 329

107 436 241 513 babent
263 449 403 511 motum
428 450 638 528 externum,
666 438 990 536 suntfragilisslmi,
1014 443 1161 519 brevio·

107 537 153 623 nJa
182 535 279 626 aevi,
311 536 374 609 nifi
402 537 568 609 arborum
595 537 732 610 truncis
757 538 865 613 adfixi
894 541 1085 614 fuerint&
1114 544 1162 619 fic

107 654 229 706 earum
262 646 366 706 motu
399 650 635 728 preparatum
670 634 812 708 succum
847 637 1160 730 participaverint.

107 727 208 804 Raro
248 730 370 825 itaque
407 732 494 804 alias
533 736 673 826 plantas
710 734 872 826 apbyllat
908 735 1162 831 observamus,

107 848 215 921 quam
240 824 467 901 solummodo
493 828 636 904 Plantas
658 828 884 919 Parafiticas,
913 854 991 925 qua
1018 835 1163 909 aliunde

107 925 144 1023 id
176 925 279 1019 quod
314 926 394 1019 ipsrs
427 925 525 1000 deest
555 926 750 1021 accipiunt
813 928 933 1003 Palam
965 931 1073 1005 etiam
1112 931 1165 1008 est

107 1024 252 1118 plrutas
284 1024 415 1117 hyeme
441 1022 631 1097 frondibus
658 1022 844 1099 destitutas
872 1047 949 1101 non
982 1028 1163 1123 crescere,

107 1121 166 1197 sed
183 1119 319 1215 sopore
343 1121 436 1215 quali
453 1121 606 1217 sepultas
624 1136 687 1197 aut
708 1119 819 1198 instar
839 1123 906 1199 urfi
926 1124 1164 1219 hybernantia

107 1217 353 1294 immutabiles
372 1216 475 1292 stare.

203 1333 307 1407 Dum
343 1356 460 1409 verno
501 1345 688 1430 tempore,
738 1336 907 1432 propiori
947 1337 1165 1415 calescentet

107 1428 274 1520 Pb‘oebo,
298 1431 392 1525 quasr
415 1431 662 1521 reviviscunt,
692 1434 920 1528 proveniunt
949 1458 1048 1510 nova
1075 1438 1166 1513 solia

111 1531 335 1604 &recentia
371 1545 491 1604 motus
529 1552 688 1626 organa,
725 1533 855 1626 quibus
884 1531 1098 1609 reficiuntur
1130 1533 1166 1610 dt

108 1627 271 1711 ¹crescere
305 1642 479 1723 pergunt:
528 1629 638 1703 Liber
668 1628 767 1703 addit
807 1630 997 1705 arboribus
1026 1654 1167 1709 novum

109 1727 285 1815 annulum
319 1726 557 1814 annotinum,
588 1728 717 1820 plantae
747 1726 842 1802 suam
864 1745 1041 1825 peragunt
1070 1729 1167 1806 aesta·

109 1837 183 1899 tem
202 1824 241 1897 in
267 1845 333 1918 per
360 1837 447 1896 etuo
473 1839 597 1912 motu;
622 1825 698 1896 baec
725 1824 815 1898 folia
843 1842 965 1899 motus
990 1849 1166 1921 organum

109 1921 148 1996 in
170 1922 309 2016 plantis
332 1847 435 2011 funt,
470 1943 548 2016 quae
577 1936 716 1995 tantum
750 1921 793 1994 ad
818 1942 938 1996 earum
969 1925 1168 2001 conserunt

109 2020 227 2093 vitam
265 2017 300 2092 dc
335 2017 566 2107 alimentum,
608 2036 649 2090 ur
682 2019 734 2092 eis
766 2040 889 2092 carere
928 2021 992 2094 vix
1021 2020 1165 2116 polline.

109 2117 279 2192 Arbores
303 2137 407 2191 more
427 2117 618 2191 herbarum
645 2114 804 2189 crescere
832 2116 1019 2206 videmus,
1053 2118 1104 2192 ita
1125 2133 1169 2196 ut

111 2238 158 2291 ex
182 2236 307 2290 earum
337 2215 487 2310 gemmis
510 2214 631 2288 mollis
652 2212 834 2288 excrescat
861 2215 996 2306 caulis,
1023 2215 1085 2310 qui
1109 2215 1170 2293 sua

110 2312 224 2390 babet
249 2313 362 2402 folia,
387 2311 420 2384 dr
443 2311 540 2386 bunc
563 2313 701 2385 caulem
723 2310 796 2386 suis'
817 2308 1023 2388 instructum
1045 2311 1167 2407 soliis,

112 2411 208 2507 quad
233 2410 392 2506 plantam
413 2431 589 2498 annuam,
613 2409 838 2483 considerare
864 2409 1056 2498 debemus,
1080 2412 1170 2488 licet

111 2507 226 2586 liber
243 2507 391 2582 arbores
416 2507 542 2602 postea
560 2506 702 2581 interne
728 2505 860 2581 vestiat
881 2506 914 2579 dr
938 2529 1077 2582 novum
1096 2508 1169 2586 effi·

113 2607 190 2682 ciat
208 2606 381 2680 annulum
403 2605 643 2696 annotinum,
666 2604 780 2699 priori
807 2604 1007 2693 exsiccato,
1033 2608 1071 2680 in
1092 2606 1170 2685 sub·

112 2703 283 2780 stantiam
302 2717 443 2776 mutato
466 2701 643 2798 ligneam,
666 2701 872 2793 meritoque
897 2715 984 2775 tunc
1005 2723 1073 2797 pro
1096 2703 1171 2781 oss'e

113 2800 307 2878 babendo:
333 2800 401 2873 Sed
427 2800 473 2873 fic
501 2814 621 2872 tamen
645 2798 696 2872 est
717 2796 790 2890 ipsa
814 2799 947 2885 herba,
976 2810 1045 2889 qua
1071 2808 1171 2875 exte-

114 2900 298 2976 riuelatus
314 2897 475 2986 asotia,
499 2899 620 2990 planta
636 2916 753 2969 annua
765 2894 829 2987 ⁹),
855 2895 962 2969 etiam
980 2896 1017 2970 in
1035 2897 1172 2992 semper

115 2997 344 3086 virentibus,
380 3017 458 3088 quae
487 2994 577 3068 folia
600 2993 724 3086 sepius
750 3005 825 3068 trea
852 3013 968 3068 annos
996 2995 1169 3072 retineat.

115 3093 177 3168 Sic
199 3093 417 3169 sustentatur
439 3095 585 3189 planta,
615 3092 699 3165 dum
722 3090 862 3165 radices
884 3111 905 3162 e
928 3106 1022 3172 terra
1045 3091 1174 3187 sugunt

115 3190 370 3266 subtililllmam
393 3190 582 3264 tinsiuram
603 3188 778 3263 bumoso·
793 3186 985 3281 aquosam,
1015 3188 1173 3282 dumque

117 3291 219 3364 calor
251 3289 348 3363 bunc
386 3290 576 3363 herbarum
612 3285 751 3360 succum
785 3285 915 3360 sursum
951 3308 1017 3380 per
1049 3309 1174 3364 earum

118 3386 224 3476 vasa,
258 3387 443 3460 minimam
470 3385 591 3458 versus
617 3382 872 3469 resistentiam,
906 3381 1083 3479 impellit,
1120 3384 1175 3462 ita

118 3498 161 3558 ut
183 3485 246 3559 bic
274 3484 398 3559 succus
420 3482 559 3579 regredi
586 3494 763 3576 nequeat,
793 3479 933 3555 &dum
957 3495 1089 3556 ventus
1111 3482 1174 3559 de·

120 3581 230 3675 nique
254 3603 376 3655 earum
405 3581 517 3677 agitat
540 3579 654 3669 solia,
691 3593 733 3651 ut
757 3577 954 3670 applicatio
983 3576 1078 3653 succi
1105 3603 1174 3658 nu·

121 3679 208 3753 nerii
232 3700 281 3753 eo
302 3679 431 3752 melius
446 3676 521 3752 fiat.
570 3674 721 3751 Accidit
742 3673 886 3768 quidem
906 3675 1108 3765 interdum,
1132 3691 1175 3753 ut

123 3773 250 3854 insede
265 3775 356 3851 solia
374 3778 575 3871 plantarum
595 3774 786 3868 arrodant,
810 3772 905 3849 unde
928 3772 993 3868 fit,
1016 3788 1058 3850 ut
1072 3776 1173 3872 plau·

654 3872 734 3967 Xs
1045 3972 1051 3985 ,
1124 3885 1172 3973 te

155 4034 730 4136 szyauerobupngaac
951 3986 1171 4009 “-
