2602 4716
292 198 549 340 uorsunn
576 249 912 331 meriturum.
1061 272 1133 356 »ος

10 461 18 507 ι
69 451 121 513 nr
135 434 296 531 soreipe
322 433 547 533 effringunt,
586 435 761 511 inermem
792 433 996 530 serpentem
1023 452 1137 517 menn

10 557 14 604 r
69 534 228 611 meant
253 535 471 611 incolumen.
525 532 617 621 Cum
637 555 731 609 vero
751 532 878 608 iisdem
900 534 997 609 hisce
1020 532 1136 629 cuspi-

67 634 178 708 dibue
212 631 478 708 venenetiffimi
514 631 655 709 Croteli
684 633 802 726 probe
836 633 985 708 deterit
1014 646 1137 713 cutem

68 732 111 809 ed
135 730 323 826 seoguinir
352 752 468 824 unque
499 730 723 826 profluvium
753 727 952 806 scarificnre
974 730 1137 828 soleant,

10 874 15 915 r
69 844 203 904 cetero
230 827 421 907 indemnee
439 827 652 904 Americrni
671 826 866 918 Berenice,
896 831 1012 924 liquet
1034 851 1137 928 egre·

10 920 14 1005 Ι
69 929 127 1023 gie
149 926 231 1003 salli
262 946 352 1016 ene,
376 926 439 1021 qui
460 926 571 1002 ermis
594 924 670 1001 istie
689 923 826 1002 summo
844 925 1009 1005 innoxiis
1029 928 1137 1007 suno

71 1026 156 1103 uam
178 1025 280 1101 illem
304 1024 571 1122 proprienoen
593 1023 818 1101 adtribuunt
1080 1056 1083 1061 ·

521 1189 691 1269 VIRUS.

79 1388 83 1397 ,
162 1318 230 1393 De
265 1312 420 1401 laedendi
450 1315 566 1393 modo
606 1314 701 1410 epud
739 1313 922 1410 serpentes
963 1311 1140 1399 hedenus

73 1418 224 1515 egimus.
276 1413 393 1489 Nune
417 1413 463 1488 de
500 1414 576 1509 ipsa
606 1413 742 1488 veneni
771 1413 915 1511 origine
945 1414 979 1488 dr
1005 1428 1138 1494 netem

72 1514 251 1592 nonnulle
279 1510 523 1606 subjiciemur.
546 1565 550 1569 -
579 1511 638 1587 Er
665 1527 743 1585 nttn
765 1512 841 1586 bile
861 1512 950 1586 iram
968 1511 1137 1608 accendi,-

10 1630 12 1635 ·
72 1612 212 1709 pristini
239 1610 309 1687 evi
332 1608 404 1686 fuit
431 1625 705 1697 commentum,
738 1611 840 1684 nmni
866 1612 1035 1685 veritatis
1060 1609 1138 1708 spe.

74 1713 125 1786 eie
149 1707 389 1797 destitutumr
419 1708 518 1803 quod
543 1721 664 1783 temen
690 1707 764 1784 huc
794 1707 937 1784 trahere
967 1730 1045 1785 non
1070 1710 1138 1785 du·

74 1810 248 1884 ditarunt
308 1805 455 1881 Etenim
477 1828 525 1881 ex
551 1805 617 1880 istn
637 1806 720 1898 sua,
746 1805 1043 1901 interprecor,
1069 1808 1138 1903 iry·¹

10 1914 15 1997 ζ
73 1905 238 2003 pntbeii‚
271 1903 354 1983 irati
383 1902 560 1999 serpentis
585 1905 686 1978 uirus
707 1904 842 1978 elicere
860 1902 1044 2001 sataguntr
1068 1903 1137 1983 fin·

10 2008 20 2111 i
73 2006 205 2102 rebant
227 2024 392 2096 namque·
410 2003 595 2093 conulem,
626 2002 751 2077 nescio
776 2023 906 2096 quem,
937 2003 998 2096 qui
1023 2003 1138 2080 bilem

10 2114 13 2127 '
74 2124 113 2177 er
138 2102 201 2177 sun
227 2100 345 2174 vetica
372 2101 579 2174 immediate
601 2100 645 2172 nd
667 2121 710 2173 on
729 2099 906 2193 serpentis
925 2098 1137 2195 deduceret,

10 2230 17 2295 jr
73 2198 297 2289 indebilis,
324 2196 396 2273 inu
419 2197 539 2289 satio,
565 2198 699 2274 vuinus
717 2198 924 2291 prolueretr
949 2212 1138 2291 nequeen-

74 2296 155 2377 'urde
172 2295 348 2373 lethifera
369 2295 436 2372 iste
456 2296 698 2391 symptomata
715 2292 786 2369 esse
805 2295 1015 2372 derivanda.
1065 2297 1139 2376 Sed

10 2396 29 2485 ξ
75 2394 175 2472 nidie
196 2394 448 2489 entiquiorum
473 2394 644 2482 somniis,
673 2415 753 2487 que
776 2393 937 2470 interdiu
961 2414 1005 2469 ec
1026 2395 1140 2496 longe

11 2486 17 2515 ⁵
74 2497 221 2570 veriore
251 2491 473 2568 detexerunt
504 2492 732 2567 recentiores
763 2504 901 2567 neturae
931 2491 1139 2586 ruspatoree

12 2586 31 2639 ἵ
74 2589 207 2679 seduli,
234 2611 300 2686 ege
334 2590 577 2685 dispiciamus.
628 2589 702 2665 Sub
727 2587 837 2663 finem
863 2589 1058 2686 superioris
1085 2593 1138 2670 se·

74 2692 166 2778 culi,
197 2710 275 2783 quo
295 2689 434 2762 artibus
457 2711 529 2763 une
556 2709 638 2763 cum
659 2688 800 2762 ceteris
819 2686 970 2764 scientia
989 2712 1139 2784 qunque

74 2789 238 2883 medica,
265 2787 358 2860 male
390 2786 562 2861 haetenus
590 2787 736 2876 habite,
766 2786 805 2861 in
826 2786 1010 2861 insolitem
1034 2811 1139 2883 prnr·

74 2884 126 2960 siu
160 2887 281 2959 iucem
316 2885 556 2974 eveheretur,
582 2883 764 2978 disperde,
799 2906 880 2976 qne
907 2900 1140 2980 occuparunt

74 2986 223 3071 omnia,
252 2981 541 3074 conjedturarum
568 2983 752 3069 tenebrir3
781 2982 891 3056 etiam
916 2983 992 3057 hrec
1015 2984 1140 3060 nostre

14 3064 26 3139 ἕ
74 3080 280 3176 strpentum
295 3081 486 3176 cognitio,
509 3081 660 3153 multum
690 3079 761 3153 suit
786 3080 936 3156 luminii
962 3081 1141 3159 foencrett

14 3232 19 3245 .
74 3179 190 3254 secem
224 3178 443 3270 preferente
475 3178 616 3273 Magno
655 3176 792 3251 Eturire
829 3178 938 3253 Duce
968 3181 997 3254 F
1002 3179 1141 3255 ERDi·

76 3274 270 3351 NANDO
318 3274 580 3350 SECUNDO.
654 3275 824 3367 Etenim,
866 3292 909 3350 ut
942 3278 1138 3357 abstrusmn

78 3374 166 3449 istud
196 3396 242 3449 ac
269 3385 411 3448 tentrrm
436 3395 515 3450 nnn
541 3373 759 3468 impervium
783 3373 988 3467 serpentum
1007 3375 1138 3471 myste-

76 3474 165 3547 rium
190 3470 426 3568 pernosceret
450 3469 647 3567 Princepe,
673 3472 719 3545 de
737 3494 778 3544 re
795 3473 971 3547 litteraria
992 3474 1139 3549 immor·

76 3571 198 3644 tnliter
216 3572 390 3653 meritus,
419 3569 575 3644 summos
600 3568 702 3643 istius
730 3570 798 3642 evi
818 3569 1007 3644 Naturalis
1025 3572 1139 3649 scien*

76 3668 155 3758 tire,
186 3668 344 3758 herode,
369 3667 592 3757 sunonem,
621 3666 713 3741 Redi
737 3668 803 3741 dec.
835 3667 929 3742 suam
955 3670 998 3742 nd
1019 3671 1139 3746 nulum

74 3764 296 3852 advocavit,
336 3767 398 3859 qui
433 3766 675 3843 recluderent.
743 3764 872 3858 ltoque
904 3788 925 3838 n
956 3768 1138 3864 congestis

72 3861 356 3939 venenatiffimis
388 3864 561 3955 viperis,
594 3886 684 3958 quos
708 3863 752 3936 nd
776 3861 996 3942 Theriacem
1022 3866 1138 3942 confi·

74 3961 242 4041 ciendam
279 3984 345 4061 per
372 3960 546 4039 fascinum
579 3962 746 4059 captivae
774 3963 965 4056 adierunt,
999 3964 1138 4135 Ἥρα

1099 4083 1137 4138 ιο
