2602 4716
321 59 1037 248 ‘'cml''

184 363 970 682 mollins

114 746 1050 938 rnnnrnuum

522 1075 639 1151 Quum

420 1209 737 1290 PRAESIDE

11 1396 27 1455 r
138 1342 220 1477 D.
265 1307 349 1478 D.
398 1345 555 1477 Cin.
614 1399 749 1476 vorr
809 1344 1022 1482 ant

391 1577 581 1675 proposuit
611 1579 752 1658 Audior

194 1722 467 1827 Jonnnuns
507 1727 730 1823 Jnconus
768 1730 964 1810 aarum
1092 1669 1096 1677 ⁸

414 1854 538 1918 Caroli·
555 1853 756 1926 Coroneum.

320 2038 596 2137 [ipsulm-1763.
657 2035 764 2140 Jroril
787 2061 843 2116 12.

438 2381 721 2458 PRAEFATIO.

58 2503 195 2785 'Ab
224 2567 272 2619 eo
297 2546 368 2640 J'am
397 2557 585 2640 tempore,
629 2565 702 2639 quo
734 2544 777 2620 ad
809 2543 978 2624 illustrem
1015 2542 1110 2627 hanc

197 2643 429 2720 Academiam
455 2643 599 2730 acceffi,
634 2644 670 2716 id
698 2643 873 2737 imprimis
899 2644 986 2730 mihi
1015 2660 1110 2725 curo

198 2741 374 2836 cordique
405 2738 497 2827 fuit,
535 2756 575 2814 ut
607 2742 644 2818 in
678 2740 749 2815 illis
783 2740 975 2836 Scientiis,
1020 2768 1109 2838 quar

58 2845 229 2922 Pradlicas
263 2861 397 2913 vocare
434 2839 571 2928 solent,
616 2837 794 2936 principia
835 2840 954 2915 saltem
995 2843 1111 2937 prima

57 2940 216 3020 distincta
241 2937 417 3012 haurirem
445 2939 678 3032 cognitione:
701 2934 750 3019 ,in
776 2937 828 3009 eis
851 2959 941 3010 vero
966 2939 1111 3035 singulis

58 3055 226 3140 quantum
268 3052 431 3129 optarem
468 3056 545 3109 non
587 3035 692 3108 licuit
724 3033 913 3124 desudare,
960 3056 1111 3130 operam

56 3139 269 3239 praecipuam
306 3132 485 3221 chunia,
526 3131 696 3206 Historiae
735 3132 886 3205 naturali
922 3131 956 3205 dr
991 3132 1110 3210 Mate·

55 3245 112 3315 riae
137 3233 294 3308 Medicae
320 3231 425 3321 dedi,
463 3245 503 3303 ut
534 3254 579 3303 ex
613 3231 706 3322 illis,
740 3250 807 3321 pro
839 3230 984 3305 ratione
1011 3232 1110 3328 inge·

54 3340 125 3423 nii,
174 3329 350 3422 temporis
389 3327 422 3399 dr
462 3327 696 3414 facultatum,
738 3325 908 3400 discerem
951 3328 1110 3406 futuram

53 3439 164 3512 vitam
191 3429 229 3502 in
258 3425 379 3500 nostra
403 3427 587 3518 republica
615 3423 753 3498 utiliter
779 3423 978 3504 instituere.
1042 3419 1109 3504 Pe'r

54 3535 120 3610 tria
153 3547 246 3601 vero
275 3525 400 3620 Regna
431 3521 582 3596 Natura
616 3522 685 3596 iter
716 3520 878 3612 faciens,
920 3547 940 3597 e
966 3525 1109 3620 longin-

52 3653 122 3726 quo
163 3621 321 3700 offendit
360 3622 490 3695 oculos
537 3619 686 3695 materia
708 3620 712 3626 ’
730 3640 804 3714 proe
845 3622 984 3695 caterio
1025 3638 1107 3699 cum

51 3726 257 3807 rnoenitate
292 3719 505 3813 conspicua:
549 3715 611 3793 Eli
643 3717 704 3792 illa
738 3714 785 3794 fic
818 3716 910 3795 ditia
946 3712 1107 3889 Prosspsss
