2602 4716
410 244 645 327 romili
679 246 928 339 NATURAE.
1160 276 1206 349 35

134 423 279 500 inscitie
311 424 452 521 prede
475 424 602 501 sorcnt
623 424 754 503 nostrie
781 429 1040 523 plantationes.
1099 430 1208 505 lime·

153 524 208 599 riri
231 527 373 599 Suibur
395 523 588 614 destituta,
613 524 847 618 serpentibus
867 528 910 599 ad
931 526 1130 621 perniciem
1149 551 1209 603 ui·

149 642 204 715 que
231 622 473 715 abundaret,
508 644 578 697 uec
605 624 725 698 minui
752 624 789 697 in
820 624 936 717 patria
967 624 1113 715 nostra,
1142 626 1208 725 do·

144 719 286 793 niciliis
325 720 514 794 achonis
552 722 677 795 Mures
708 718 916 795 detrimenti
952 722 1157 814 adferrent,
1183 728 1209 803 si

144 818 264 891 selim
294 814 449 912 prorsus
477 818 645 893 interiret
672 817 821 893 similia.
872 818 932 895 De
961 820 1042 895 aliie
1069 838 1208 899 nature

143 912 313 1001 irnulie,
356 914 404 987 ad
435 916 623 993 minimum
659 936 775 1009 usque
809 914 999 1007 insedluni,
1037 918 1130 993 idcin
1155 920 1209 997 est

140 1010 401 1100 inuentum,
428 1035 510 1095 cum
541 1010 807 1105 sapientissimus
835 1035 953 1089 rerum
983 1014 1123 1091 Auctor
1153 1020 1208 1092 ni·

139 1110 292 1185 hilline
321 1108 444 1187 caussa
470 1131 516 1185 ac
548 1110 692 1187 ratione
721 1130 878 1205 unqurni
905 1114 1032 1211 egerit.

231 1227 302 1303 IX.
330 1226 513 1303 Videmus
538 1228 653 1325 legem
680 1228 825 1327 fingulir
851 1228 961 1305 rebus
986 1229 1206 1327 inscriptam,

141 1340 250 1419 itque
279 1324 328 1399 acl
361 1324 670 1419 Generationem,
697 1326 1082 1418 Sustentitionem,di
1109 1328 1208 1408 Con·

140 1424 395 1501 servationem
439 1440 512 1500 tier
549 1423 770 1500 constitutor
806 1424 877 1499 elle
915 1424 1010 1518 quasi
1050 1426 1207 1504 stimulu-

140 1538 267 1610 torerr
312 1522 523 1615 Libidinem,
551 1523 700 1597 OEcmem
733 1536 843 1617 atque
881 1522 1057 1609 Dolirmir
1097 1526 1208 1601 inter·

121 1618 234 1693 ditia
287 1616 442 1705 Olfallur'
482 1642 583 1714 reque
621 1640 664 1695 ac
703 1622 749 1695 Su
788 1630 821 1695 n·
859 1618 964 1697 Deus
1005 1620 1208 1717 insculpsit,

139 1717 244 1813 prius
286 1716 337 1887 ῗά
373 1713 601 1809 substantiam
639 1716 722 1791 med
775 1738 894 1808 irem,
925 1717 1121 1811 'posterius
1164 1720 1208 1796 id

137 1832 286 1891 cortica
300 1835 374 1889 eni.

234 1932 285 2007 X.
317 1932 396 2007 Rei
417 1936 525 2009 etiam
546 1956 623 2010 non
641 1956 753 2029 peria
771 1938 808 2009 in
825 1932 1208 2013 MAGNITUDINE

141 2052 265 2105 reruni
304 2028 486 2124 sapienter
529 2031 760 2126 temperanda
800 2031 971 2109 cernitur.
1037 2032 1074 2103 Si
1110 2036 1208 2111 euim

148 2126 304 2202 Creator
334 2131 535 2217 cicindelis,
565 2132 770 2215 Lilelluliir,
797 2131 1046 2223 Scilopmlrai,
1074 2128 1206 2207 leoni·

151 2224 208 2299 bui
232 2224 527 2329 aequassemtam
555 2228 600 2301 de
621 2230 756 2315 nobis,
778 2247 883 2319 quam
909 2223 955 2299 de
977 2227 1108 2301 ceteris
1130 2234 1205 2303 aiii·

147 2326 301 2398 milibus
327 2324 525 2417 majoribus
553 2324 669 2399 atium
700 2323 808 2407 soret.

237 2442 307 2515 xi.
335 2442 396 2515 nd
418 2442 723 2517 PUlll'l'A'l‘Elll
751 2460 859 2536 atque
879 2442 1115 2534 munditiem,
1132 2458 1207 2517 tini

144 2540 182 2614 in
221 2538 370 2626 solido,
416 2562 521 2632 quim
570 2539 705 2627 liuido,
750 2540 1035 2634 procurandam,
1079 2542 1205 2634 quanti

143 2638 211 2711 urit
254 2635 504 2711 ministrorum
535 2641 737 2725 exercitiis,
781 2656 854 2711 tuin
885 2652 991 2733 antea
1024 2636 1087 2808 ὃς.
1119 2632 1205 2727 16.)

144 2734 354 2825 ostensum,
387 2754 464 2817 tuni
499 2736 726 2831 experientia
759 2736 969 2829 quotidiana
1005 2758 1024 2807 c
1093 2740 1204 2809 muni·

149 2832 296 2907 sellum.

244 2943 330 3025 xii.
375 2943 417 3021 ln
453 2946 719 3042 proportione,
756 2941 936 3039 stupendo
971 2942 1036 3016 illo
1070 2941 1206 3017 Condi·

145 3045 239 3119 toris
277 3040 462 3134 artificio,
505 3043 593 3117 illud
630 3044 785 3117 maxime
822 3042 1058 3130 admiramur,
1107 3044 1207 3134 quod

125 3140 357 3218 ‚iiiiiiiun
393 3163 544 3235 queque
573 3141 808 3229 animalculi,
847 3136 1081 3231 copiosissime
1122 3160 1206 3231 pro·

127 3254 345 3338 -pagentur,
367 3239 403 3312 dt
421 3239 632 3317 difficillime
651 3237 837 3330 exstirpari
856 3249 1003 3328 queant.
1053 3232 1091 3305 ld
1110 3234 1207 3309 enim

124 3338 250 3413 lextra
289 3336 576 3412 controversum
609 3336 684 3426 est,
721 3337 819 3429 quod
855 3334 961 3406 unica
994 3331 1208 3407 insectorum

126 3436 311 3531 species,
352 3437 443 3509 licet
475 3435 725 3525 minutillima,
768 3433 810 3506 ad
849 3429 1046 3523 quamlibet
1084 3429 1208 3503 villam

123 3536 250 3629 plura
292 3532 508 3607 consumere
539 3554 582 3605 ac
626 3532 788 3618 auferre,
825 3530 858 3601 dr
894 3549 957 3620 per
984 3526 1207 3619 consequeris

129 3635 251 3726 ,plura
279 3629 427 3705 efficere
461 3630 603 3721 valeat,
635 3650 741 3723 quam
773 3624 888 3722 posset
919 3624 1086 3717 Elephas.
1153 3624 1207 3695 ln·

132 3728 235 3807 seua
264 3749 360 3803 vero
388 3728 598 3820 neutiquam
627 3749 693 3822 per
715 3725 838 3799 omnia
863 3721 993 3812 speciei
1022 3722 1211 3793 individua

132 3827 385 3902 exterminari
421 3824 586 3921 poliunt,
617 3846 700 3901 cum
732 3822 971 3917 Elephiutein
1007 3822 1066 3892 vel
1099 3838 1209 3892 urium

732 4040 750 4095 2
917 4064 922 4071 »
1201 4059 1209 4079 ι
