2602 4716
199 253 272 331 144
426 209 606 310 uetuit
635 227 1035 314 vinceremur·

133 470 137 475 .
198 410 263 511 nisr
297 410 396 505 prius
421 412 695 509 veficotorium,
738 434 784 488 ex
815 368 1253 490 Cantharidibchonfe·

108 576 112 585 .
198 508 314 598 stum,
339 510 561 603 applicetur,
581 510 678 603 quod
696 511 882 585 consumat
895 512 1060 607 putrido,
1085 524 1128 583 ut
1146 513 1251 588 ulcus

197 626 328 703 purum
353 607 588 698 obtineatur,
613 607 709 680 unde
732 608 873 683 facilius
901 609 983 682 dein
1010 606 1163 682 sanatur.
1232 644 1236 653 ·

295 735 525 808 Revulsronis
558 736 645 808 loco
681 734 849 826 inservit,
884 754 926 809 ut
958 734 1186 811 rubefaciens
1218 734 1254 809 ἃ

201 835 344 909 demum
371 835 593 905 exulcerans.
660 832 753 905 Dure
777 856 930 927 namque
953 835 1083 926 regulae
1109 830 1148 908 in
1170 832 1254 906 Me·

199 928 321 1007 dicina
343 932 535 1019 obtinent,
560 952 638 1022 quae
665 930 811 1004 maximi
834 932 912 1005 sunt
935 931 1132 1021 momenti,
1149 950 1251 1005 nem·

198 1051 248 1126 pe
267 1047 308 1099 .1.
327 1027 434 1100 Dolor
457 1028 592 1100 dolorem
617 1033 738 1114 trobit3
764 1051 796 1102 o.
815 1028 903 1103 Dura
920 1028 1252 1122 evacuetimetstnrul

192 1130 284 1226 flore
303 1137 467 1218 nequeunt.
519 1122 670 1218 Duplici
694 1126 778 1199 hinc
803 1124 914 1220 scopo
935 1124 1172 1199 Cantharides
1188 1148 1251 1220 ap·

199 1221 404 1320 plicantur,
422 1221 519 1313 quod
538 1221 675 1295 scilicet
692 1221 847 1312 irritent,
869 1222 1036 1334 quodque
1054 1236 1248 1298 evacuent

202 1319 449 1426 Quamobrem
477 1319 531 1392 bae
557 1319 636 1393 usus
656 1316 921 1411 frequentillimi
937 1319 1037 1409 sunt,
1062 1319 1248 1413 nimirum,

202 1439 283 1494 cum
301 1415 451 1490 materia
467 1414 655 1491 Arteritico
677 1413 727 1489 est
745 1416 951 1512 retrograda
969 1417 1013 1492 ad
1030 1417 1168 1491 viscera
1184 1439 1252 1492 no·

200 1515 355 1604 biliorn,
394 1527 436 1586 ut
465 1514 508 1586 ad
541 1510 681 1608 Caput,
716 1510 922 1590 Thoracem
964 1513 997 1587 &
1033 1514 1252 1607 Abdomen,

177 1635 313 1709 ,quare
335 1611 444 1684 etiarn
469 1623 557 1687 tunc
579 1612 729 1705 pedibus
750 1610 830 1686 sunt
852 1612 1094 1706 applicanda,
1122 1627 1165 1687 ut
1179 1636 1253 1689 ma·

201 1711 295 1786 teria
316 1708 505 1783 morbifica'
531 1711 691 1783 trahatur
717 1709 762 1782 ad
786 1724 905 1804 partes
932 1710 1136 1784 inferiores.
1188 1712 1252 1785 Al·

201 1809 272 1885 teri
289 1806 401 1901 scopo
418 1806 619 1882 inserviunt
630 1800 876 1897 cantharides,
896 1809 1108 1881 evacuando
1121 1810 1251 1900 serum,

201 1905 464 1998 corruptum&
483 1903 659 2001 stagnans,
680 1905 976 1996 quemadmodum
1000 1924 1105 1980 venae
1126 1904 1251 1982 festio·

202 2025 252 2082 ne
278 2004 443 2077 educitur
466 2025 512 2077 ex
540 2002 768 2083 inflammatis
784 2000 981 2076 visceribus
1005 2003 1145 2101 sanguis
1171 2025 1252 2079 eor·

202 2114 342 2196 ruptus.
396 2098 553 2199 Quando
572 2097 697 2174 'subito
723 2100 850 2196 frigori
873 2102 988 2194 aperti
1009 2102 1091 2193 pori
1119 2122 1251 2196 corpo·

203 2198 254 2274 ris
289 2199 439 2273 calentis
472 2219 517 2271 ex
543 2212 726 2289 onuntur,
766 2198 954 2273 attrahitur
987 2198 1022 2270 u·
1056 2198 1179 2303 irruit,
1200 2212 1253 2299 ap·

111 2383 114 2386 ⁴
202 2296 399 2389 mosphaera
424 2221 573 2388 frigirfa,
610 2294 706 2367 unde
731 2294 843 2368 serum
865 2297 1129 2390 corrumpitur,
1154 2292 1252 2391 qud

202 2394 373 2465 vitiatum
410 2392 519 2463 habet
552 2392 628 2464 vim
669 2393 981 2485 multiplicativam
1020 2394 1073 2466 uti
1110 2394 1251 2469 acidum

204 2486 326 2576 lauis,
362 2487 458 2561 unde
497 2491 693 2576 Cotrrrrlrur,
726 2488 1004 2580 Rlenrnnismur,
1037 2493 1251 2585 Odontoigio,

208 2589 361 2679 Otolgin‚
405 2585 514 2658 immo
550 2585 666 2660 Febres
691 2592 932 2660 intermittentes
960 2590 1004 2675 &⁹
1030 2592 1251 2662 exacerbantes

203 2684 427 2758 derivantur.
484 2680 527 2757 In
556 2682 651 2756 hisce
682 2685 785 2756 malis
816 2699 1001 2778 utramque
1032 2683 1124 2780 saepe
1154 2686 1251 2781 pagi·

203 2802 286 2856 nam
307 2780 462 2853 absolvit
485 2781 758 2870 velicatorium‚
787 2780 884 2875 quod
902 2782 1023 2856 educit
1040 2797 1252 2880 corruptum

205 2878 318 2954 serum
346 2877 525 2972 ipsamque
549 2881 667 2951 morbi
695 2877 844 2953 caulium
871 2879 981 2958 tollit.

300 3005 516 3101 Applicatur
545 3004 723 3081 interdum
754 3005 1003 3080 vesicatorium
1047 2996 1120 3105 ipsr'
1152 3005 1253 3083 Tho·

204 3104 280 3183 raci
309 3105 346 3177 in
366 3105 558 3178 Pleoritide.
600 3099 708 3175 Certe
729 3100 766 3175 in
783 3102 977 3178 Pleuritide
995 3103 1112 3202 spuria
1128 3096 1253 3179 e‘xlmi·

204 3226 265 3279 um
291 3200 364 3291 est,
394 3201 451 3273 cui
477 3199 575 3272 sedes
601 3199 652 3272 est
679 3198 717 3271 in
741 3200 906 3274 musculis
939 3202 1254 3295 intercultaiibus,

203 3319 246 3376 ut
275 3303 341 3373 hac
368 3300 512 3373 ratione
546 3318 610 3390 per
641 3296 733 3368 latus
766 3300 1009 3374 exulceratum
1039 3300 1153 3375 serum
1174 3321 1256 3372 cor·

203 3410 349 3492 ruptum
373 3396 431 3469 seu
465 3393 580 3468 crusta
597 3394 874 3470 inllarnmaturia
899 3412 1118 3489 evacuetur,
1144 3396 1179 3471 u
1202 3397 1254 3471 in·

204 3496 402 3571 flammatio
421 3490 543 3564 versus
565 3493 747 3563 exteriora
765 3493 945 3583 trahatur,
969 3517 1015 3568 ne
1036 3496 1080 3568 ad
1103 3495 1255 3569 interio-

204 3615 263 3669 res
284 3590 485 3664 nobiliores
500 3588 533 3661 se
551 3587 730 3661 diffundat
744 3590 885 3682 partes3
902 3609 1138 3686 preterquam
1156 3590 1257 3685 quod

205 3688 485 3764 Pleuriticorum
511 3684 651 3779 sputum
673 3686 761 3758 mire
789 3685 960 3759 sollicitat
989 3690 1024 3761 de
1056 3700 1258 3784 promovet

206 3784 472 3861 veficatorium.
525 3782 683 3880 Soporofis
710 3785 817 3875 etjam
840 3783 989 3858 inservit
1011 3787 1172 3879 morbis,
1198 3806 1258 3859 ca·

207 3884 277 3983 piti
308 3882 534 3980 impofitum,
560 3879 688 3955 abrafit
711 3881 818 3977 pllis3
844 3895 885 3956 ut
911 3879 1025 3960 serum
1055 3879 1260 3967 extravasa·

945 4021 951 4035 ·
1166 3995 1262 4075 tum,
