2602 4710
397 325 400 331 ,
466 244 852 325 «suumin»
918 284 993 348 ·;
1129 278 1201 351 451

129 420 391 521 STAMINAl
411 425 593 504 dilnmnta
622 426 703 515 sex,
735 428 921 522 subulata,
947 431 1086 522 eredis,
1113 456 1203 528 quo·

486 535 490 549 ¹
602 546 690 623 ¹turn
717 530 778 600 duo
808 529 944 626 oppofita
970 531 1203 627 longitudine

609 624 770 716 calycisz‘
793 643 931 720 quatuor
956 650 1049 703 vero
1072 631 1202 728 ungui·

605 722 674 794 bus
700 724 880 818 longiora.
903 764 910 790 t

401 814 559 894 Antierae
585 820 778 991 ¹oblongae,
816 822 966 917 erecta,
1005 822 1200 920 sagittata,
1256 836 1265 854 ⁵

600 934 704 995 uteae.

128 1020 415 1102 PISTILLUM
439 1029 576 1105 Germen
599 1029 822 1124 oblongum,
850 1024 1117 1123 ventricosum,
1147 1045 1201 1107 at·

319 1150 323 1155 ·
587 1139 798 1239 tenuatum,
854 1129 1104 1226 longitudine
1132 1129 1200 1206 sta·
1278 1182 1283 1192 .

585 1245 733 1298 minum.

435 1322 550 1416 Stylus
560 1323 638 1393 ‘vix
663 1321 770 1396 ullus.
1013 1400 1015 1409 ,

324 1458 329 1467 ·
432 1421 559 1514 Stigmu
580 1419 799 1513 capitatum,
826 1420 1017 1517 integrum.

122 1518 485 1601 PERICARPIUM
517 1531 646 1626 siliqua
676 1541 793 1619 teres,
827 1532 1036 1604 articulata:
1064 1529 1197 1607 articu-

659 1626 705 1699 lis
724 1632 816 1720 3-6.
836 1627 1001 1717 sulcatis,
1028 1631 1197 1705 unilocu·

657 1723 815 1816 laribus,
831 1727 1119 1819 monospermis3
1135 1749 1197 1823 ge·

538 1844 551 1863 x
654 1819 786 1915 niculis
808 1825 1028 1914 attenuatis,
1055 1825 1197 1898 bilocu·

653 1921 814 2008 'laribus,
869 1923 973 2016 apice
1020 1922 1197 1999 rostratae

655 2016 775 2090 rostro
795 2019 945 2111 lineari,
970 2018 1195 2123 compress‘q3

655 2115 791 2210 glabra.
877 2162 885 2168 ,

123 2214 332 2301 suussNA
380 2222 623 2317 subnotanda,
676 2222 900 2320 ferruginea,
956 2224 1194 2321 glaberrima,

373 2323 621 2419 magnitudine
649 2321 822 2398 seminum
845 2321 1013 2419 Raphani
1035 2322 1154 2399 sativi.

583 2472 618 2559 §-
668 2466 739 2545 lv,

224 2581 415 2657 Foliorum
444 2573 549 2674 sapor
573 2582 685 2677 magis
711 2581 911 2658 herbaceus
938 2603 1043 2676 quam
1074 2583 1190 2676 acris}

122 2680 262 2760 radicis
283 2699 378 2753 vero
406 2693 449 2753 ut
474 2679 664 2773 Raphani‚
688 2679 774 2752 ideo
797 2679 971 2755 foliorum
999 2682 1079 2755 usus
1102 2684 1190 2761 cibo

125 2792 259 2876 aptus,
294 2798 377 2852 cum
414 2777 456 2852 fit
489 2779 690 2851 oleraceus.
758 2775 942 2873 Indigenis
978 2777 1081 2853 cibus
1114 2779 1199 2871 esta

122 2878 251 2957 herbis
283 2897 438 2970 namque
467 2874 575 2948 facile
611 2874 825 2963 vescuntur,
864 2876 1048 2971 Lapsanam
1078 2877 1190 2954 etiam

82 2974 85 3015 ³
200 2975 435 3073 appellantes.
489 2977 633 3051 column.
658 2974 768 3047 Acris
789 2971 822 3045 dt
844 2973 1001 3047 valentis
1025 2975 1117 3050 odo·

143 3156 147 3163 ,
178 3068 182 3074 ’
306 3070 358 3148 ris
378 3071 443 3148 est.
493 3070 626 3146 Haller.
652 3071 784 3146 Editur
811 3072 855 3143 ab
882 3070 1007 3165 equis,

462 3190 540 3245 non
561 3189 652 3245 vero
674 3192 695 3244 a
719 3169 849 3244 bobus.

491 3422 808 3768 nan
