2602 4716
330 253 591 336 Pronurus
625 240 964 373 rnnurnuuru.
1105 236 1173 364 ³37
1262 358 1268 367 ,

111 450 253 517 nature
285 437 436 534 vestigia
475 436 712 530 aposteriori
744 437 993 530 sequeremur,
1030 462 1073 514 ee
1105 464 1176 537 qut

112 537 320 630 incepimus
338 536 422 624 vie,
448 534 633 608 Corticem
651 536 861 611 notavimus
881 538 1044 611 exserere
1061 538 1173 630 folia,

111 634 275 711 bracteas
303 635 338 708 de
362 634 502 728 alyces;
527 632 675 729 Librum
702 634 741 708 in
765 635 932 711 interiori
958 638 1036 730 ejus
1060 637 1175 710 lutere

158 731 281 825 nerari
309 731 343 805 ἀ
374 733 504 804 mutari
528 730 565 802 in
590 731 728 821 petalum
762 733 916 808 eundem
939 734 1069 806 librum
1095 733 1177 809 sub·

115 754 281 904 ffmtram
303 829 456 922 ligneam
479 825 632 899 vestiisse
654 827 687 900 dr
712 828 750 902 in
776 829 910 926 lignum
937 830 1095 925 denique
1119 832 1174 907 in·

117 926 248 1000 durni.
280 925 442 999 Ulterius
453 925 737 1012 observabimus,
760 927 912 1022 Papauer
926 949 958 1002 e.
975 948 1009 1024 g.
1026 928 1123 1021 quod
1135 930 1176 1008 in

119 1026 190 1097 solo
215 1024 388 1096 macriori
410 1024 519 1096 flores
539 1023 693 1114 protulit
709 1023 909 1118 fimplices,
935 1025 974 1102 in
1002 1025 1080 1099 solo
1103 1025 1175 1102 ser·

120 1121 230 1195 tiliori
261 1122 313 1194 ob
334 1118 521 1215 copiosum
551 1121 833 1211 nutrimentum,
869 1123 979 1197 flores
1007 1123 1175 1217 proferre

119 1217 269 1312 plenos,
309 1216 450 1306 idest,
483 1217 641 1289 corollas
674 1219 931 1313 multiplicatus
962 1219 1175 1297 staminibus

118 1315 290 1405 exclusis,
322 1336 432 1408 quum
463 1313 613 1388 stamina
638 1316 795 1390 evrdant
823 1319 963 1409 petala,
995 1314 1057 1391 ubi
1081 1316 1176 1414 sepe

118 1413 346 1487 antberarum
366 1410 569 1486 rudimenta
595 1415 756 1508 margine
779 1415 946 1490 interiori
968 1415 1176 1510 petalorutn

116 1511 267 1585 iusrdere
295 1510 480 1600 videmus,
514 1509 608 1583 uude
630 1511 725 1584 haud
751 1512 848 1587 sorte
875 1513 1057 1587 immerito
1083 1532 1175 1588 con·

115 1608 307 1696 eludimus,
332 1606 559 1682 substantiam
577 1608 730 1701 ligneum
746 1609 929 1702 acopioso
945 1612 1175 1693 nutrimento

114 1705 246 1779 iterum
271 1708 310 1779 in
333 1704 559 1779 substantium
583 1706 665 1779 libri
690 1706 888 1780 emollitam
915 1706 1004 1795 else,
1036 1729 1114 1801 quae
1132 1707 1177 1786 iu

111 1802 211 1879 flore.
233 1802 272 1877 in
294 1803 413 1897 petala
441 1815 619 1888 mutatur3
653 1824 727 1896 quo
752 1801 796 1877 fit
822 1817 865 1877 ut
890 1804 1060 1899 pistillum
1087 1824 1174 1879 eve·

112 1898 172 1977 det
190 1897 337 1990 sterile,
363 1898 388 1974 d
408 1921 536 1972 omnes
560 1900 716 1973 anthera
736 1900 978 1976 excluduntur
998 1899 1175 1995 &stigme

113 2016 187 2072 non
209 1997 348 2092 accipit
368 1997 493 2090 pollen
517 1996 672 2070 aliunde.
724 1997 837 2070 Nunc
856 1998 1028 2090 quoniam
1049 1998 1174 2087 exalt

113 2094 191 2169 iulii
212 2096 390 2189 provenit
407 2094 643 2190 primordium
656 2096 809 2188 plante,
833 2094 927 2167 &ex
942 2094 998 2167 ela
1012 2092 1095 2167 folii
1114 2114 1174 2167 ca·

113 2192 224 2287 lycini
243 2193 387 2286 petala,
411 2214 490 2286 que
504 2192 595 2264 nibil
617 2191 713 2265 aliud
730 2212 837 2285 quum
855 2191 971 2266 adhuc
987 2190 1174 2266 teneriore

113 2289 200 2364 solia
229 2288 333 2376 sunt,
365 2289 645 2383 &baeepetala
671 2290 778 2364 etiem
807 2289 964 2381 habent,
1003 2308 1105 2383 aeque
1129 2310 1174 2364 ae

113 2401 232 2466 cetera
259 2385 375 2479 solie,
403 2386 443 2460 in
464 2387 529 2460 alis
550 2384 609 2459 sua
632 2386 722 2460 folia
737 2386 894 2477 seriora,
922 2387 1082 2481 sequitur
1104 2383 1173 2461 ste·

113 2486 206 2561 nine
232 2483 323 2557 teliu
341 2482 431 2572 esse,
465 2506 546 2558 nam
569 2484 604 2557 in
623 2487 742 2580 petala
768 2486 899 2562 mutari
923 2483 1089 2581 possunt,
1113 2483 1172 2562 uti

111 2583 228 2675 petala
248 2580 561 2676 insoliacelycis.
651 2677 666 2752 l

105 2776 191 2855 1¹18
200 2775 375 2853 mw
426 2687 652 2872 ,flamin§ilus
674 2776 857 2868 exhaustis,
886 2770 943 2871 effe
972 2775 1177 2854 ULTIMI

331 2883 407 2949 arni
446 2881 529 2963 elia,
554 2899 574 2946 a
594 2876 706 2954 Pluris
730 2877 774 2961 ἐξ
795 2876 947 2946 Carduis.

202 2971 359 3047 Librum
378 2972 544 3047 interiori
566 2970 716 3045 corticis
737 2971 840 3044 lateri
860 2971 980 3064 primo
996 2990 1084 3042 vere
1109 2970 1172 3045 ed·

105 3067 249 3147 terere
266 3068 445 3161 diximus,
472 3071 506 3143 dt
530 3090 610 3142 eum
631 3067 796 3160 tandem,
820 3068 1011 3161 ingruente
1026 3066 1172 3156 estete,

105 3166 265 3263 separari
292 3188 313 3240 a
334 3167 473 3241 cortice
497 3167 531 3240 dr
556 3168 598 3238 ad
626 3166 837 3239 interiorem
862 3164 1090 3238 substantiam
1110 3165 1172 3237 ad-

105 3263 327 3355 haerescere,
365 3278 473 3357 atque
501 3265 538 3337 in
566 3265 783 3337 exteriorem
807 3264 967 3337 tunicam
1000 3260 1173 3335 annotini

105 3361 198 3463 ligni
221 3362 382 3435 indurari
404 3362 571 3435 diximus.
621 3360 865 3436 Indicavimus
885 3361 1016 3448 etiarn,
1039 3357 1173 3433 librum

105 3459 306 3555 &lignum
333 3458 372 3534 in
397 3457 460 3533 suo
481 3457 684 3554 primordio
714 3459 765 3530 ita
783 3455 851 3529 elle
876 3453 1095 3552 gelatinosa,
1131 3472 1174 3532 ut

105 3580 149 3631 ea
172 3554 332 3631 sensibus
361 3555 579 3655 distinguere
605 3577 680 3629 non
706 3554 895 3649 polimus,
921 3576 1030 3647 quum
1052 3553 1172 3627 omnis

105 3654 301 3750 generetio
330 3653 368 3728 in
394 3654 547 3729 minimo
570 3669 631 3727 aut
656 3652 732 3726 sere
759 3652 796 3725 in
828 3652 942 3726 fluido
969 3665 1172 3747 peragetur.

105 3750 208 3826 Milli
233 3749 357 3843 itaque
387 3753 495 3825 valde
527 3752 716 3845 probabile
742 3748 909 3837 videtur,
946 3751 1076 3823 librum
1100 3742 1175 3820 'elle

105 3846 453 3944 prestrndffimum,
487 3850 585 3942 quod
612 3847 802 3922 medullam
830 3845 983 3927 vestiat,
1018 3867 1173 3935 eumque

105 3946 201 4025 duas
226 3945 372 4042 ‘bebere
409 3945 636 4049 superficies,
675 3959 862 4022 externam
898 3945 1105 4020 curtlcalem
1139 3940 1175 4013 dr

166 4042 263 4124 Tem.
280 4043 342 4120 Vl.
664 4042 697 4118 Y
1063 4041 1174 4115 iuter·
