2602 4716
328 186 587 270 motansrs
620 108 960 271 sesmarum
1099 216 1171 293 327

109 369 161 444 ita
183 386 259 445 nee
287 371 415 449 oculus
439 369 584 473 quidem
615 384 772 450 armatm
801 372 946 469 longius
980 383 1172 469 penetrare

108 469 223 542 valet
274 468 389 563 ,Hanc
413 490 631 566 gemmarum
659 471 962 566 compontionem
987 471 1053 545 vix
1077 472 1172 551 ultra

108 586 248 641 annum
287 563 425 641 sextum
461 566 496 641 se
530 569 749 660 extendere,
789 568 1033 644 demonstrare
1071 567 1171 643 adni-

108 677 182 738 tar:
220 663 272 737 Et
297 663 344 738 fic
366 662 496 739 eodem
523 665 636 740 modo
659 689 715 741 res
740 666 810 746 sese
839 689 921 742 curn
949 667 1093 758 herbis,
1128 685 1172 745 ac

110 782 193 835 cum
218 760 366 845 animali
392 764 523 841 Voluice
546 768 728 859 globatore,
765 763 859 860 Syst.
886 778 959 839 nat
987 786 1068 860 pag·
1086 774 1170 846 810.

108 857 243 951 habet,
278 860 319 934 io
344 881 418 954 quo
442 863 554 935 oculo
581 874 719 936 armato
755 883 905 938 cernere
930 864 1040 953 licet,
1076 861 1172 936 intra
1271 945 1273 952 ,

109 969 263 1032 matrem
291 971 422 1049 natos,
458 971 637 1056 nepotes,
669 969 917 1055 pronepotes,
953 963 1170 1066 abnepotes,

109 1054 293 1149 usquead
319 1055 532 1152 progeniem
557 1057 702 1132 sextam.
752 1056 917 1132 Arbores
947 1056 1059 1133 Indiae
1085 1077 1169 1153 raro

111 1152 257 1245 quidem
286 1153 477 1229 evidentes
499 1176 657 1251 gemmas
687 1155 844 1247 habent,
884 1154 942 1234 sed
971 1177 1091 1230 earum
1117 1164 1170 1231 ta·

107 1250 959 1426 lllltsllbtllillstellis’ull
980 1246 1170 1425 stillis

109 1447 279 1520 videmus
314 1446 500 1523 inPtelea
538 1449 773 1545 &indigena
807 1375 1017 1545 srffngura,
1050 1446 1171 1521 itaut

106 1563 185 1619 non
207 1543 402 1658 differant,
433 1546 498 1620 misr
522 1559 660 1659 tanturn
685 1568 826 1643 gemma
852 1549 992 1661 majore
1017 1545 1080 1618 vel
1103 1542 1170 1618 nri·

106 1640 1170 1835 llll’sessilis's‘lssillia‘'di‘ilss‘lasililllssis

105 1837 316 1913 medullaris
336 1837 361 1913 s.
379 1859 518 1935 gemma
542 1841 657 1934 posita
674 1839 749 1931 est,
772 1841 861 1915 licet
878 1837 1055 1935 saeplsrme
1076 1859 1168 1914 mar·

105 1934 288 2010 cescatds
317 1950 464 2030 pereat,
496 1937 580 2011 dom
604 1939 755 2011 liberior
793 1936 912 2011 aditus
946 1936 1069 2010 versus
1101 1924 1168 2036 ml·

105 2034 245 2109 nimam
259 2031 491 2109 refistentiarn
509 2031 729 2130 superiorem
745 2035 910 2109 medullae
927 2031 1042 2127 datur.
1075 2030 1119 2123 E.
1132 2051 1166 2129 g.

105 2128 245 2227 Tulipa
269 2131 464 2228 fimplicem
485 2132 596 2208 habet
620 2133 759 2214 caulem
783 2132 961 2206 trifolium
984 2129 1168 2225 &florem

105 2228 179 2317 fine
209 2228 335 2324 aliquo
360 2250 475 2305 ramo.
538 2230 575 2302 Si
605 2231 675 2306 flos
702 2227 847 2326 Tulipe
877 2225 1166 2322 abscinderetur,

105 2349 214 2422 quam
238 2327 393 2424 primum
418 2329 663 2423 propullulat,
698 2349 821 2403 novus
854 2325 938 2401 dein
961 2346 1080 2402 ramus
1103 2334 1167 2399 aut

105 2425 176 2499 fios
199 2445 249 2500 ex
268 2424 325 2500 ala
346 2424 453 2525 solii,
484 2448 562 2501 non
584 2426 750 2518 aliunde,
783 2424 971 2523 provenit.
1030 2420 1165 2521 Plantae

105 2525 209 2598 caule
224 2544 372 2613 annue,
403 2545 481 2618 qua·
495 2525 644 2620 gemmis
666 2537 817 2618 tarent,
848 2523 931 2599 suos
951 2523 1060 2596 etiam
1080 2528 1164 2612 prd-

105 2620 403 2696 nudent-ramos
428 2641 474 2696 ex
498 2623 563 2695 alis
587 2621 783 2712 foliorum,
824 2622 883 2715 qui
906 2621 944 2694 in
972 2619 1165 2693 arboribus

105 2734 204 2795 anno
220 2719 365 2807 demum
385 2718 546 2812 sequenti
571 2720 819 2815 prove-niuosa
845 2736 952 2810 atque
980 2715 1089 2791 sicin
1118 2713 1164 2787 iis

105 2816 272 2892 exomni
299 2817 354 2906 ala
378 2817 466 2890 rami
494 2816 699 2891 excrescere
720 2814 887 2918 possunt,
913 2812 1165 2906 sedquoniam

105 2914 219 2991 flores
233 2913 350 2988 ultimi
369 2912 532 2987 medulla
548 2911 629 2988 sunt
643 2912 755 3002 fines,
779 2913 815 2985 in
834 2933 926 3004 quos
949 2911 983 2984 se
1000 2909 1042 2983 ad
1062 2907 1163 2983 semi·

105 3012 349 3184 lassus
365 3009 645 3183 stultns
661 3010 941 3202 astriotes
956 3029 1072 3178 ΙΙΙ
1086 3006 1163 3197 lt·

105 3161 200 3292 salla}
219 3207 374 3300 naturali
399 3206 476 3302 lege
498 3206 634 3283 definet
649 3205 829 3301 crescere,
850 3204 949 3305 quod
962 3204 1001 3278 iu
1023 3155 1164 3300 ἀπορῇ

105 3310 305 3383 mnictllata
323 3305 492 3382 vidimus.

558 3461 595 3551 ς.
642 3452 718 3530 ΙΙΙ..

153 3658 163 3675 ,
196 3578 367 3676 δρεᾶειω
382 3582 621 3681 Ιῐςηυιηςίὶ,
648 3581 792 3678 quodsi
814 3579 1057 3667 arbusculam,
1084 3596 1164 3679 quae

105 3676 139 3754 in
160 3679 242 3753 olla¹
263 3693 372 3754 antea
397 3680 534 3775 posrta,
575 3681 772 3778 quotannis
803 3679 932 3755 floruit
961 3678 996 3753 ds
1027 3672 1163 3752 fruitus

105 3777 279 3871 protulit,
302 3772 434 3853 deinde‘
452 3773 678 3874 deponamus
700 3779 737 3852 in
756 3775 920 3852 uberiori
938 3790 1033 3851 terra
1054 3769 1163 3846 calidi

105 3875 464 3990 caldarii-,ufpgoseret
489 3879 551 3954 illa
574 3901 641 3978 per
655 3877 789 4073 §liges
824 3897 942 4029 anpos
958 3875 1165 4048 multrgoritls
