2602 4716
10 254 19 306 l

335 218 548 335 rourra
578 218 828 301 naama„
1062 236 1109 315 μ

58 422 124 479 noo
141 398 377 495 luppetunt,
403 422 492 479 aves
516 400 700 495 superflua
722 398 852 494 majori
878 396 961 473 sane
993 398 1109 471 molc-

62 491 116 599 ffia
136 498 216 574 salut
256 498 496 593 arripienda.
541 500 663 587 Laaii,
699 496 957 591 Colcptrortuu
985 516 1109 569 nume·

65 620 100 673 ro
123 596 339 673 minuendo
372 597 583 691 plerunque
622 594 710 670 dant
743 616 904 689 operam.
959 592 1109 689 Accipi-

17 745 21 754 -
64 702 131 771 iun
161 692 276 791 gregi
313 714 396 769 non
435 716 562 769 ornnes
600 691 802 789 prorniscue
838 708 965 787 patent
997 712 1110 779 avesa

19 847 24 873 2
61 790 114 887 ipse
138 792 245 867 enim
285 789 417 865 avium
446 790 594 865 volandi
627 790 757 866 modus
782 790 914 879 ellicit,
955 804 997 863 ut
1030 810 1110 865 nora

58 912 150 983 pauca
181 887 398 983 accipitres
431 888 504 963 effu
530 890 617 963 iant.
677 889 782 965 Buteo
806 886 1007 961 llulonibus
1036 886 1108 961 tol·

56 986 149 1063 lendis
194 986 367 1061 inservit
400 988 480 1081 poti
520 1008 627 1061 muru.
691 986 767 1059 Alii
796 982 880 1059 solis
903 984 1110 1075 columbis,

55 1088 100 1159 alii
125 1086 323 1175 Gallinis,
355 1084 417 1157 alii
447 1084 634 1174 ciconiis,
658 1084 719 1158 alii
745 1082 940 1157 Palleribus
963 1081 1108 1175 capien-

55 1181 117 1275 dis,
140 1194 403 1278 occupantur.
454 1182 618 1257 Hnliaerus
641 1182 819 1258 maximos
838 1194 960 1275 captat
980 1176 1105 1274 pisces.

56 1280 315 1453 inuasurus,
343 1280 456 1376 Papa,
486 1278 606 1367 Aura,
635 1282 795 1375 Harpen,
823 1280 886 1351 vin
917 1278 980 1351 nisi
1004 1278 1106 1351 cada·

54 1398 125 1453 vera
172 1388 372 1466 evorant,
404 1376 561 1469 ideoque
581 1375 662 1453 sunt
678 1376 866 1451 tardiores.
918 1377 1044 1471 strages
1062 1398 1107 1449 ex

10 1483 12 1493 '
54 1476 303 1551 maumalibus
328 1472 542 1567 nocturnis,
568 1492 697 1570 praeter
723 1473 925 1555 Phalrenas,
957 1471 1108 1567 vesper·

10 1580 13 1593 '
54 1574 264 1665 tilionibus,
312 1570 504 1665 Muribus,
540 1570 746 1687 Leporibus
789 1570 963 1662 lirperllua
1003 1570 1107 1645 colll·

10 1686 141 1781 W·

136 1798 200 1873 28·
229 1784 530 1883 MAMMALlA
553 1810 705 1863 nunroro
734 1788 907 1885 pauciora
928 1786 1028 1875 sunt,
1049 1782 1110 1859 sed

57 1883 88 1963 lo
107 1886 280 1987 negotiis
304 1882 519 1978 robustiora.

141 2030 207 2099 ²9·
242 2008 319 2080 cm
347 2025 430 2078 curn
454 2006 569 2081 Phocis
598 2004 633 2077 δι
660 2004 783 2079 Latris
814 2004 909 2077 inter
941 2000 1110 2076 animalia

75 2192 84 2201 ,
153 2114 202 2179 ut
241 2102 430 2196 aquatica,
465 2100 679 2177 &nimiam
713 2100 932 2177 absumendo
964 2104 1110 2195 copiam

77 2202 97 2295 j
216 2214 396 2295 quarunt.

138 2342 205 2415 30.
237 2318 382 2407 Patara,
406 2318 441 2391 δι
463 2320 586 2396 Belluae
607 2318 736 2395 herbas
760 2320 956 2411 quotannis
980 2318 1109 2393 ‹leton-

56 2418 156 2512 leot,
181 2430 231 2491 ut
251 2438 322 2511 pro
345 2418 589 2491 renovatione
612 2420 719 2491 annui
754 2418 883 2490 theatri
918 2434 1014 2491 terra
1043 2438 1107 2489 nu·

54 2502 96 2593 ‹la
113 2516 360 2607 relinquatur.
409 2514 457 2587 Et
478 2516 643 2609 quamvis
664 2520 786 2587 onrnia
807 2514 999 2589 rideantur
1020 2533 1109 2586 con·

52 2604 186 2689 summ
219 2610 462 2707 vegetabilis,
490 2612 644 2687 Creator
673 2628 794 2687 tarncn
818 2614 936 2685 cuivis
962 2610 1109 2707 speciei,

52 2728 146 2787 certa
193 2708 261 2785 sub
304 2730 429 2803 poena,
465 2710 679 2804 prohibuit,
714 2724 823 2803 atque
859 2710 952 2783 hanc
992 2711 1110 2805 legent

54 2808 213 2903 ipsorum
247 2804 418 2880 odoratui
456 2822 563 2901 atque
602 2806 718 2903 gustui
755 2804 951 2899 inscripsit,
987 2820 1049 2895 ut,
1083 2804 1110 2883 sr

56 2906 319 3001 peccaverint,
346 2926 422 2979 non
453 2904 656 2999 reperirent
684 2902 965 2981 excusationem.
1015 2900 1110 2977 Euan

55 3022 167 3079 autem
209 3004 246 3075 in
287 2998 397 3075 finem
436 3002 545 3075 certis
581 3002 795 3077 animalibus
833 3016 932 3074 certa
972 3002 1107 3095 planta·

55 3124 126 3195 nrm
149 3120 292 3199 genera
314 3098 484 3175 videntur
512 3098 580 3173 elle
608 3096 817 3188 interdilia,
844 3120 891 3171 ne
917 3098 1007 3190 alia,
1031 3120 1113 3191 quc

57 3200 153 3277 aliam
184 3196 375 3273 subsecuta
406 3196 538 3287 fuerit,
572 3196 709 3293 specics
744 3196 969 3270 nutrimento
1008 3216 1109 3290 pror·

58 3286 100 3373 lus
137 3294 383 3385 destituatur,
425 3294 573 3389 ejusque
610 3292 702 3368 adeo
744 3292 934 3388 profellio,
975 3294 1112 3367 sublata

57 3394 240 3485 mercede,
272 3406 420 3487 pereat,
446 3414 528 3467 cum
559 3406 681 3469 umen
712 3389 930 3494 singulorum
956 3388 1109 3465 nocella·

58 3492 99 3569 lla
117 3494 193 3571 srnt
222 3488 361 3565 munia.
477 3492 481 3498 '

136 3640 201 3713 3¹·
244 3610 377 3699 Glires,
412 3610 701 3707 supervacanea,
725 3630 868 3691 mortua
898 3633 1006 3713 atque
1035 3593 1109 3697 ina·

60 3736 158 3793 noena
195 3710 335 3787 tollere
367 3711 532 3786 rodendo
561 3712 638 3808 julla
663 3714 753 3789 sunt.
816 3720 953 3791 Scirrrus
980 3718 1109 3795 strobi·

58 3814 101 3891 loa
121 3810 209 3891 Pini
239 3806 406 3899 arrodit,
443 3830 543 3902 aeque
568 3834 610 3885 ac
634 3812 742 3885 Lasia
762 3816 963 3909 conuenire
981 3818 1015 3890 ἀ
1034 3822 1109 3894 Cae·

59 3910 269 4011 ralraustas,
299 3928 382 4003 quaa
400 3904 577 4003 superflua
599 3910 638 3987 in
655 3910 866 3997 alimentum
889 3931 1110 3995 convertent

1050 4027 1106 4085 tes
