2602 4716
324 236 596 316 NEC‘I‘ARIA
621 239 854 322 FLORUM.
1051 270 1122 347 273

105 436 150 489 rc
176 431 263 493 curu
289 414 360 494 iuis
392 414 624 508 staminibus,
654 418 827 497 leviffirne
857 436 984 517 tangat
1009 424 1129 517 stami-

110 567 124 601 ,
152 511 254 590 bases
278 515 546 594 filamentorum
572 516 718 592 elastice
748 523 888 614 pollem
923 524 1130 616 explodaut

105 610 180 685 rsus
201 605 390 691 humidum
407 615 545 712 stigma.
1041 642 1046 651 ·

154 709 433 790 Hermaum‘arum
461 734 600 811 ungues
621 711 814 790 dilatati&
833 715 1019 809 involuti,
1047 719 1127 795 fere

124 807 278 885 sormam
304 812 436 886 cuculli
462 814 522 883 vel
548 810 631 885 folii
664 814 862 893 nominata
895 816 1125 912 sarracena,

105 904 287 985 ullituunt
307 912 385 1003 ejus
401 905 570 986 nectaria.

151 1005 343 1105 Rmruuuli
366 1008 400 1081 ἀ
424 1008 581 1103 Myosuri
603 1007 640 1119 irr
666 1029 713 1081 eo
736 1008 818 1084 sunt
846 1008 991 1099 affines,
1024 1009 1127 1106 quod

105 1104 1126 1300 llwllllel‘lllllrllllllrlrrllll

105 1311 201 1373 terne
219 1300 350 1375 adnata
367 1301 469 1398 tegit.
811 1370 815 1377 .

154 1394 359 1495 Haramelis
379 1397 575 1473 naularlum
610 1398 753 1472 constat
777 1398 918 1475 foliolis
950 1414 1125 1495 quatuor,

105 1494 257 1588 uncatis,
281 1496 424 1592 iugulis
444 1497 583 1591 srngulo
601 1501 723 1588 petalo
740 1498 784 1569 ad
803 1499 899 1574 basrn
924 1499 1073 1581 innatis.

152 1606 401 1703 Eryllroxylou
427 1608 521 1701 gerit
544 1605 587 1678 ad
616 1607 711 1681 basin
738 1607 956 1704 lingularum
980 1611 1125 1705 petalo·

105 1720 160 1796 n,
200 1706 382 1800 apagiua
417 1705 615 1795 interiore,
658 1704 835 1799 squamam
872 1707 1126 1784 neuariferam

105 1801 337 1897 ruginacum,
356 1804 525 1875 brevem.
724 1836 729 1843 ·
1040 1808 1046 1819 '

155 1900 297 1974 Greuiae
327 1898 523 1975 reciarium
546 1898 690 1973 constat
719 1923 742 1973 e
770 1899 950 1994 squamula
982 1900 1124 1997 lingula

105 1998 190 2191 mill}
200 1996 245 2071 ad
263 1997 531 2087 buliuinserta,
558 1994 799 2091 craffiulcula,
824 2000 1026 2073 divaricata
1041 2021 1125 2074 ver·

105 2114 121 2167 a
191 2097 277 2169 lum.

156 2192 355 2286 Klggelaria
368 2192 568 2266 ricciarium
592 2188 736 2266 constat
756 2189 984 2288 eglandula,
1009 2191 1126 2290 ungui

105 2288 212 2382 liusve
228 2288 339 2383 petali
357 2288 508 2381 adnata,
536 2290 693 2381 triloba‚
717 2287 891 2386 deprclla.

156 2401 326 2477 Leamicer
348 2400 544 2477 reciarium
568 2400 790 2476 construitur
805 2422 834 2475 -e
855 2399 998 2497 squama
1021 2402 1126 2499 pedi·

105 2497 210 2591 lau,
232 2498 452 2590 semiovata,
475 2511 646 2599 patente,
670 2501 874 2594 petaloruru
889 2500 958 2576 bair
977 2502 1122 2576 inserta.

156 2611 345 2686 Plulrerretia
379 2610 473 2707 gerit
506 2608 662 2683 nellaria
700 2632 721 2683 e
753 2609 931 2705 glandulis
965 2618 1124 2705 quatuor

105 2706 242 2797 ibatis,
274 2707 319 2781 ad
343 2708 438 2783 baim
465 2705 654 2781 staminum
683 2705 782 2795 litis,
812 2707 846 2779 &
875 2707 948 2782 hoc
977 2710 1124 2800 quidem

105 2805 207 2880 ltinet
224 2821 296 2880 tarn
316 2807 354 2882 in
370 2805 522 2880 floribus
539 2804 724 2894 masculis,
749 2824 855 2897 quarn
873 2804 909 2876 in
929 2806 1122 2882 foemineis.

161 2915 307 3013 casaria
328 2911 523 2988 nectarium
548 2911 738 3005 esquamis
755 2923 912 3003 quatuor
933 2914 992 2986 vel
1018 2914 1123 3005 quin·

105 3029 150 3105 le,
171 3012 391 3101 linearium,
410 3008 562 3102 bifidis,
588 3011 725 3101 acutis,
749 3010 899 3083 corollae
919 3010 1071 3084 adratis.

160 3122 403 3199 Fritillaria&
429 3121 596 3195 Uvularia
621 3118 757 3193 habent
784 3121 947 3193 lacunam
971 3122 1124 3196 ricciari-

105 3241 174 3296 ram
204 3218 308 3313 supra
337 3224 488 3314 ungues'
509 3220 735 3313 petalorum3
771 3216 1051 3310 speciosrffimam
1083 3221 1123 3295 iu

105 3344 186 3395 rona
203 3319 393 3416 imperiali,
425 3315 484 3389 ubi
505 3332 679 3390 excavata
698 3317 734 3389 in
751 3312 1049 3408 hemisphaerium.

157 3427 417 3522 Erytirmrium,
445 3424 614 3524 Gloriosa,
644 3426 883 3513 Melambium,
908 3430 1048 3504 macula
1078 3431 1124 3507 ad

105 3526 158 3603 fin
184 3525 389 3621 petalorurn
417 3522 655 3617 insigniuntur
682 3521 851 3614 didyma,
889 3545 968 3615 quar
998 3530 1124 3605 analo-

105 3647 155 3700 ιω
173 3622 351 3717 quandam
370 3641 453 3695 cum
471 3621 639 3714 proxime
657 3619 946 3714 praecedentibus
960 3624 1124 3703 iudicare

105 3724 289 3895 rictam
315 3810 479 3892 fossulam
503 3816 613 3888 habet
633 3811 904 3907 nellariferam
929 3814 1124 3898 secundum

105 3942 121 3995 a
150 3915 332 3993 itudinem
359 3914 472 4017 petali
496 3926 701 4003 exaratam
735 3915 796 3990 cui
821 3915 989 4012 proxime
1019 3911 1125 3993 acce-

144 4039 209 4097 orr·
227 4012 292 4093 VI.
462 4032 469 4049 ‘
614 4010 638 4083 8
973 4050 977 4057 ·
1068 4014 1128 4091 dit
