2602 4716
158 229 162 241 ·
205 203 319 327 951
392 228 613 310 ausura
633 226 1062 340 ›aasruoarrama

167 490 170 498 ,
203 433 274 507 que
303 411 491 509 spargunt;
519 428 556 488 at
582 434 712 487 annua
731 411 1026 506 ‘funt,'g'eluque
1046 415 1108 488 vel
1134 406 1262 490 le'viffi·

201 511 413 600 motasse,
449 511 528 587 fato
549 528 705 609 pereunt
733 511 951 586 inevitabili.
1004 511 1146 603 Contra
1170 516 1261 587 Solu·

201 624 279 685 naun
293 607 515 704 quercffolium
532 609 567 684 dt
585 613 738 684 Salomon
761 614 924 696 radicata,
946 610 1156 684 minitantia
1173 610 1259 703 hye-

202 706 271 782 mis
296 707 486 781 molimina
500 706 697 783 feliciffime
719 706 885 797 eludunt,
900 708 958 779 vel
987 709 1170 781 tantillum
1195 711 1256 780 ola

201 803 317 893 reela,
342 804 466 900 estque
485 807 615 880 horum
640 805 862 879 consortium
891 803 991 897 quod
1009 805 1254 891 ALSTRQE·

198 900 369 983 maula
386 901 508 977 nostra
523 902 586 978 fibi
607 904 750 976 videtur
768 904 975 995 exposcere.
1027 904 1176 978 Etenim
1196 903 1254 978 aa

202 1002 331 1087 suvia,
359 1000 457 1093 quod
474 1001 594 1076 forsan
616 999 841 1096 pauciffimos
859 1001 975 1095 fugit,
1004 1001 1177 1099 altissimis
1200 1024 1255 1075 ex·

100 1131 102 1135 ⁷
202 1098 384 1191 asperatur
402 1100 611 1187 montibus,
641 1098 725 1191 qui,
754 1121 828 1192 quo
846 1099 952 1173 altius
970 1099 1188 1196 exsurgunt,
1213 1120 1255 1173 eo

202 1196 312 1288 etjam
330 1195 537 1292 frigidiores
554 1198 656 1285 funt,
684 1196 777 1269 adeo
795 1213 836 1270 ut
853 1196 992 1270 oecelle
1009 1198 1072 1282 fit,
1097 1199 1255 1290 plantas,

202 1293 242 1369 in
265 1292 408 1368 summis
426 1316 551 1369 eorum
568 1294 663 1391 jugis
680 1309 940 1383 occurrentes,
967 1294 1004 1369 in
1023 1295 1167 1389 alpibus
1185 1297 1255 1389 lap·

197 1392 349 1486 ,punicis
380 1390 478 1484 poiie
515 1389 747 1488 succrescere,
816 1390 913 1466 Vidi·
942 1414 1090 1486 quoque
1126 1392 1257 1468 dudum

195 1491 345 1661 glantas
370 1489 657 1580 Alstroemerias,
693 1487 863 1565 Caldario
886 1486 1101 1579 commissas,
1124 1491 1256 1566 ibidem

217 1586 399 1677 uxuriare,
425 1588 462 1663 in
480 1587 540 1665 Fri
567 1585 682 1662 idatio
701 1609 792 1661 vero
807 1593 947 1682 optime
966 1590 1103 1674 valere,
1129 1604 1173 1672 ut
1186 1588 1256 1684 spe·

195 1683 381 1777 severim,
408 1685 501 1759 hanc
522 1609 717 1779 piantatam
742 1685 787 1760 ad
810 1687 986 1781 parietem
1008 1686 1174 1760 meridiei
1194 1687 1257 1759 ob·

196 1780 367 1870 versum,
396 1781 599 1875 leviterque
621 1782 771 1871 tesiam,
802 1783 849 1856 ab
873 1783 1013 1876 hyemis
1030 1783 1168 1861 saevitia
1192 1782 1259 1859 sese

197 1879 482 1965 ‚vindicaturam
531 1879 605 1953 Sub
621 1881 684 1954 dio
708 1902 773 1974 per
793 1877 950 1958 estatem
973 1881 1108 1955 Planta
1133 1879 1189 1954 ha
1208 1880 1258 1952 vi·

194 1991 292 2080 gent
313 1975 349 2064 dr
373 1977 529 2069 florent,
562 1998 646 2051 raro
671 1993 790 2053 tamen
815 1976 967 2053 frustum
992 1977 1142 2052 subdio
1167 1974 1259 2071 apud

125 2075 128 2080 ’
194 2094 274 2165 ¹nos
290 2072 507 2168 perficiunt,
530 2073 689 2166 ideoque
706 2076 819 2152 tutius
833 2074 886 2151 est
898 2078 992 2151 hanc
1006 2077 1166 2171 plantam
1179 2074 1259 2149 olle

195 2172 394 2263 infertam,
438 2172 534 2247 intra
565 2172 811 2268 frigidarium,
854 2187 1021 2267 tempore
1055 2172 1256 2248 meridiano

204 2270 462 2365 aperiendum,
487 2268 650 2364 servare,
675 2292 749 2366 quo
769 2270 927 2348 feliciter
942 2272 1076 2355 semina
1089 2281 1255 2351 maturet.

644 2491 679 2579 a.
730 2479 818 2558 vn.

603 2617 862 2698 HISTORIA.

304 2753 416 2864 Quod
440 2752 484 2831 ad
504 2749 666 2831 Plantam
691 2749 849 2824 nostram
873 2740 1115 2822 illustrandam
1135 2739 1254 2840 faciat,

204 2859 295 2934 nihil
313 2857 455 2953 prorsus
472 2851 740 2938 subministrant
756 2847 956 2920 Audieram
978 2847 1125 2931 fontes;
1157 2844 1254 2940 quip

202 2979 251 3052 pe
284 2957 386 3051 cujus
413 2976 459 3028 oe
485 2951 634 3026 unicum
663 2947 805 3042 quidem
835 2959 1023 3038 comparet
1053 2942 1253 3038 vestigium,

202 3077 273 3132 nec
294 3078 339 3130 ex
360 3051 552 3141 America,
581 3048 606 3123 a
632 3065 813 3139 excepero
837 3038 1039 3137 pauciffima
1061 3040 1144 3131 illa,
1170 3063 1252 3135 quo·

191 3162 283 3230 rum
300 3150 466 3227 meminit
487 3144 670 3235 Fauillae,
700 3161 769 3218 nec
793 3162 840 3214 ex
863 3134 1057 3232 Hispania,
1086 3154 1161 3232 quo
1187 3138 1252 3232 pri·

201 3275 299 3328 mum
313 3247 482 3336 addufia,
534 3257 638 3316 raeter
651 3262 715 3326 ca,
739 3261 817 3332 quae
830 3235 1253 3315 memoraotliteraeDrni

192 3269 1252 3425 »CLAUD.ALS‘FROEMERadNob.D.PRAESlDEM

202 3447 324 3524 missa.
381 3443 480 3518 Hine
506 3461 581 3515 oon
610 3440 783 3532 ingratam
808 3433 912 3525 spero
935 3453 993 3505 me
1017 3429 1253 3524 prestiturum

201 3567 375 3641 operam,
398 3540 423 3616 sr
440 3534 716 3631 descriptionem
733 3533 761 3607 F
764 3527 917 3618 euillee,
942 3550 989 3602 ex
1006 3529 1141 3624 gallico
1155 3528 1193 3602 in
1209 3528 1252 3601 ia·

202 3645 320 3721 tinum
335 3635 545 3716 transfusum
562 3635 710 3719 idioma,
721 3631 780 3705 hic
790 3627 1029 3725 proposuero,
1039 3648 1086 3699 ne
1096 3624 1252 3731 quidde·¹

202 3743 359 3820 srdereot
380 3737 463 3812 libri
486 3735 593 3826 hujus
609 3730 749 3825 oppido
773 3729 842 3801 rari
868 3725 1075 3800 facultatem
1099 3744 1179 3797 non
1197 3723 1253 3797 lra-

67 3902 69 3906 ,
200 3838 351 3918 bentes:
375 3829 699 3928 „Hemerocallis,
718 3827 856 3919 iuquit,
878 3844 982 3917 quam
1000 3820 1189 3909 describo,
1206 3842 1256 3894 ta·

199 3938 342 4041 „urea
357 3933 451 4039 gerit
466 3926 622 4010 adnmr
637 3923 893 4015 fasciculorum
903 3920 1027 4018 Napi,
1057 3917 1258 4117 qraprggllilggr⁹
