2602 4716
317 242 587 321 NECTARIA
618 241 852 322 FLORUM.¹
1043 243 1114 331 πός

50 425 233 600 infinitis,
260 427 392 522 quibua
418 446 516 501 nunc
542 423 693 500 scientia
718 422 897 503 Botanica
919 419 1115 518 superbiat,

67 527 208 599 cibus.

88 548 110 622 g
151 621 244 699 Cum
279 621 471 712 lintanici,
504 619 567 695 sub
592 618 877 706 reformatione,
911 618 1116 694 accuratius

59 716 96 796 in
116 718 436 795 frustificationem
457 721 608 813 ejusque
634 733 754 812 partes
776 719 1022 812 inquirerent,
1046 714 1118 791 sest

64 817 241 893 offerebat
263 841 344 913 pars
370 817 529 909 quiedam
556 818 681 905 floris,
705 818 807 890 nullo
840 833 924 890 ante
960 815 994 888 id
1028 827 1118 887 tem·

65 917 162 1011 poris
201 919 356 1010 proprio
393 915 543 989 nomine
581 933 692 1004 nota,
731 937 809 1008 quae
846 932 967 988 tamen
1006 911 1119 987 hodie

69 1015 232 1088 omnibus
271 1013 458 1088 Botanicis
493 1010 727 1104 receptiffinia
757 1011 830 1102 est,
866 1013 1004 1086 scilicet
1036 1028 1120 1105 para

71 1112 146 1198 illa,
170 1134 249 1205 quae
268 1112 305 1185 in
326 1111 515 1206 plurimis,
543 1109 665 1184 nescio
693 1132 739 1186 an
759 1111 929 1185 omnibus
949 1109 1118 1198 floribus,

10 1296 13 1305 Ι
71 1208 204 1283 dulcem
246 1210 424 1302 quendam
468 1207 634 1298 succum,
674 1207 794 1283 soluto
825 1208 994 1283 saccharo
1023 1204 1119 1281 haud

10 1332 14 1381 τ
73 1306 281 1393 diffimiletn,
308 1305 481 1390 secernit,
510 1328 615 1400 quem
640 1306 748 1379 avide
768 1320 933 1400 querunt
948 1302 1121 1379 Trochili

10 1440 21 1507 ς
77 1405 231 1479 indorum
258 1427 367 1493 aves,
407 1404 541 1478 inseiii
572 1404 749 1495 Diptera,
781 1405 922 1498 aliaque
943 1403 1120 1496 plurimu

10 1526 19 1541 ⁵
78 1524 116 1575 ex
139 1504 209 1577 hoc
227 1502 333 1577 succo
352 1504 473 1596 Apes,
500 1502 535 1576 in
553 1503 705 1595 proprio
724 1504 955 1591 ventriculo,
986 1499 1029 1574 ad
1047 1500 1122 1574 hoe

11 1614 35 1715 a,
78 1602 250 1696 negotium
284 1601 365 1695 ipsis
403 1599 624 1674 aCreatore
657 1599 849 1692 concesso,
882 1602 955 1675 mel
982 1618 1121 1672 conco·

15 1720 25 1787 ⁸.
81 1714 182 1790 quimt
212 1717 423 1793 parentque.
473 1697 682 1771 secernitur
714 1701 864 1773 melleus
892 1698 952 1773 liic
989 1698 1122 1774 storum

81 1792 245 1870 humore
279 1797 437 1890 propriis
469 1796 562 1889 quasi
598 1796 798 1891 glandulirc
831 1796 912 1872 sunt
940 1797 1050 1870 etiam
1081 1794 1122 1870 in

10 1894 34 1979 t}
82 1912 143 1967 uon
170 1895 294 1990 paucis
321 1894 482 1981 ¹floribus
514 1892 676 1967 distincta
703 1894 869 1987 vascula,
910 1917 989 1989 qua
1024 1894 1122 1968 hunc

27 1998 35 2007 '
83 1994 234 2068 melleum
254 1993 434 2085 liquorem
459 1991 664 2066 continent.
845 2019 850 2026 ·

10 2114 34 2179 ·-ζ
161 2089 325 2185 Fingunt
349 2090 471 2171 Poitae
498 2087 729 2162 suavissimam
752 2089 928 2183 quandam
954 2087 1123 2162 Deorum

10 2188 45 2297 ζ
86 2189 279 2281 potionem,
321 2209 427 2280 quam
462 2189 586 2262 nonar
624 2187 819 2280 appellant.
873 2187 957 2261 lloc
992 2185 1123 2259 eodem

10 2292 43 2355 'a'
86 2288 251 2361 vocabulo
272 2306 358 2380 ·pro
391 2285 588 2360 dulcissimo
628 2286 736 2357 melle
784 2305 890 2379 apum
938 2283 1125 2375 usurpavit

10 2372 42 2456 {i'
85 2379 272 2481 Virgilius,
292 2382 430 2483 Georg.
453 2383 520 2455 lv.
550 2388 635 2470 164:
671 2382 780 2457 Dulci
802 2384 982 2478 disloidui'ii
1005 2384 1123 2456 Nesto·

27 2484 31 2489 ’
84 2502 111 2553 ri
130 2486 235 2556 cessas·
283 2480 392 2557 Hinc
412 2481 516 2555 Noli.
541 2479 660 2554 Dmiis
684 2479 833 2567 Praeses,
859 2479 1033 2556 mellilico
1051 2478 1133 2557 isto.

10 2584 30 2649 '..
84 2576 113 2651 in
141 2580 295 2654 florinus
330 2581 515 2674 apparatui
553 2600 688 2652 nomen
735 2578 984 2673 impositurus,
1026 2579 1123 2653 hunc

10 2684 52 2745 ι’
85 2675 260 2753 Nestorium
289 2678 463 2773 uocauit,
489 2699 579 2765 cum·
601 2677 642 2750 sit
671 2677 765 2767 quasi
796 2676 978 2751 vasculum
1005 2675 1123 2750 necta·

10 2780 43 2842 :l
84 2774 204 2946 gersen
236 2777 399 2850 hu'moris
432 2773 531 2848 istius
556 2773 739 2848 dulcissimi
760 2776 880 2848 mellei
907 2782 944 2849 iu
970 2774 1123 2848 iloribua

10 2894 39 2940 D·
146 2875 207 2947 eti.
600 2908 619 2935 i,

10 2986 37 3053 rt
164 2972 283 3077 Quam
318 2971 470 3044 floribus
497 2969 634 3043 adserat
662 2969 879 3060 utilitatem,
918 2969 951 3043 u
980 2989 1045 3043 cur
1071 2967 1129 3042 eie'

10 3062 36 3169 ΞῘ
82 3067 125 3141 ita
148 3068 363 3143 necessarius
397 3068 439 3141 sit
466 3067 526 3141 hic
566 3070 716 3156 humor,
756 3091 833 3144 uon
864 3069 956 3142 adeo
988 3067 1125 3160 liquet3

10 3172 32 3273 tl
81 3186 141 3248 nec
165 3167 236 3242 suit
261 3169 456 3241 etiamnum
483 3166 575 3239 ullus
599 3167 820 3257 Botanicus,
846 3169 905 3262 qui
934 3167 1031 3239 hunc
1058 3184 1126 3240 no·

10 3278 30 3341 tl
78 3264 153 3338 ilum
185 3265 316 3354 solvit,
359 3263 419 3338 vei
452 3263 545 3339 dixit
579 3266 656 3358 ejus
689 3262 787 3339 usum
815 3287 858 3339 ac
886 3264 1053 3338 elicitum
1085 3263 1125 3338 in

10 3372 18 3445 ζ’
78 3363 274 3437 neonomia
316 3361 468 3451 florum,
506 3360 563 3436 sed
603 3361 798 3436 etiamnum
833 3362 956 3437 reliiia
988 3384 1046 3437 res
1073 3358 1126 3434 est

10 3460 20 3495 ·'
75 3459 223 3556 posterii
248 3460 453 3536 accuratius
477 3458 731 3554 perscrutanda
757 3458 790 3533 it
816 3460 1041 3554 inquirenda.
1088 3458 1126 3534 A

74 3578 162 3634 nero
191 3558 285 3632 haud
318 3560 475 3632 alienum
504 3557 672 3647 videtur,
709 3557 807 3652 quod
840 3557 1037 3633 necessario
1064 3555 1126 3631 ad·

72 3656 139 3737 esse
168 3656 301 3742 debeat
332 3655 482 3731 blandus
512 3655 571 3729 hic
597 3655 749 3739 humor,
775 3658 818 3731 ad
839 3678 1010 3752 germen,
1035 3669 1126 3731 teni·

70 3776 162 3851 pore
191 3753 465 3852 generationis,
499 3754 676 3827 continue
712 3754 1008 3839 humeilandum,
1042 3775 1125 3831 cuin

67 3855 189 3943 nulla,
216 3853 281 3926 nisi
303 3848 352 3927 'in
389 3851 558 3940 humido,
596 3849 661 3925 fiat
700 3854 902 3949 generatio·
968 3853 1126 3949 Verum,

62 3950 167 4049 quod
200 3949 254 4027 ita
288 3971 456 4045 omnem,
493 3948 693 4131 quemRsibi
715 3949 880 4048 ‚Creator
910 3973 960 4028 eo
987 3969 1127 4122 propo.
