2602 4716
130 213 205 288 26⁶
388 208 662 289 murnum
691 216 927 299 EORUM.

127 389 262 480 luerit,
295 389 406 467 linem
441 395 734 483 exhauserim,
776 397 902 470 dicere
943 400 1078 491 ntique
1116 390 1192 485 non

128 490 270 576 audeo,
305 515 389 566 cum
421 495 533 566 etiam
559 496 599 569 in
626 495 781 573 floribus
803 496 992 585 masculis,
1019 519 1042 568 a
1075 496 1193 577 fiodo

126 588 391 677 remotiffimis,
428 592 748 684 deprehendantur
775 593 854 668 hac
890 594 1065 668 aenaria
1123 595 1191 676 Sed

126 685 154 760 fi
181 683 275 760 fines
301 686 534 765 secundariae
572 693 654 781 quis
690 686 851 783 querat,
884 691 968 765 nstra
994 692 1107 785 hujnr
1128 693 1189 774 hu·

126 787 243 858 moria
280 790 437 860 maxime
469 790 664 882 palpabilia
699 788 764 862 est.
821 788 972 865 Etenim
1004 793 1090 864 luce
1117 813 1189 873 me·

126 883 269 956 ridiaoa
300 887 433 959 clarius
464 903 639 978 apparet,
668 886 892 972 Trochilus,
928 888 1189 982 innumeraque

125 977 286 1070 Infesta,
329 985 368 1058 in
400 985 555 1060 floribus
589 1007 636 1057 ex
671 987 819 1061 neclare
849 986 1064 1060 alimentmn
1095 1008 1187 1085 que·

126 1080 269 1170 tentia,
295 1084 369 1156 alas
397 1085 530 1157 crebro
554 1084 786 1171 motitando,
811 1083 1084 1177 nummoque,
1111 1085 1187 1180 pol·

125 1177 263 1267 linem,
286 1183 516 1255 antherarum
539 1196 714 1256 excutere
730 1196 840 1274 atque
857 1181 1091 1281 dispergere,
1116 1202 1186 1276 qun

126 1277 273 1354 facilius
319 1281 356 1352 in
394 1279 521 1376 stigma
559 1277 676 1356 cadat.
747 1279 858 1357 Hunc
905 1280 1003 1370 quali
1042 1281 1186 1375 palpare

125 1377 297 1472 ponimus
332 1377 442 1452 finem
484 1379 522 1452 in
557 1363 639 1450 Flet
674 1375 974 1467 caprificatione,
1010 1401 1092 1474 que
1115 1379 1184 1451 fine

125 1477 198 1553 luc
222 1478 366 1549 ratione
389 1477 456 1551 vix
476 1475 566 1553 ellet
591 1476 664 1548 ulla
690 1470 747 1565 ⁹).
796 1473 915 1554 Immo
942 1476 1022 1549 haec
1051 1474 1184 1553 Inleda

125 1576 168 1649 in
194 1574 390 1648 Berberide
434 1573 541 1666 ipsius
573 1570 768 1666 Cupidinis
806 1576 911 1648 vices
949 1594 1058 1668 agere
1091 1571 1182 1646 haud

125 1673 275 1768 inepte,
301 1669 531 1765 postmodum
551 1672 725 1752 dicemus.
776 1670 911 1750 Utrum
935 1692 1029 1744 veru
1053 1670 1182 1752 lutetia

126 1772 271 1866 aliaque
309 1768 494 1864 mellisuga
528 1770 765 1855 animalcula,
808 1769 1037 1849 absorbendo
1069 1768 1182 1843 nella·

125 1891 228 1945 reum
254 1869 351 1944 hunc
376 1868 556 1958 liquorem
585 1888 608 1941 e
630 1868 806 1954 floribus,
831 1868 1001 1945 damnum
1029 1867 1183 1942 inierant

125 1969 273 2045 tenellis
290 1964 572 2054 embryonibus,
598 1967 661 2038 vel
678 1967 954 2060 generationem
971 1965 1179 2062 infringant

124 2067 291 2145 nondum
327 2061 485 2141 evictum
516 2062 591 2150 est,
623 2063 782 2155 ideoque
808 2062 875 2136 iste
902 2066 1007 2136 locus
1038 2062 1180 2158 Quinti·

124 2167 215 2244 limi
235 2163 467 2249 oschera,
478 2160 525 2234 de
541 2160 661 2235 divite
682 2158 872 2235 inficiente
890 2161 1003 2235 flores
1020 2159 1105 2235 suos
1124 2169 1183 2234 vei

125 2285 252 2355 neno,
280 2276 323 2334 ut
354 2260 523 2352 pauperis
560 2280 647 2350 aper
680 2259 751 2332 mel
791 2261 871 2351 ejua
903 2258 1068 2332 furantes
1095 2257 1183 2356 peri-J

124 2381 232 2451 rent,
256 2360 321 2431 vix
344 2380 386 2430 ac
408 2379 455 2430 ne
480 2357 545 2429 vix
568 2357 763 2437 secundum
785 2373 924 2440 nature
939 2358 1041 2461 leges
1060 2357 1181 2438 etiam·

124 2481 215 2538 num
238 2454 414 2550 explicari
441 2453 573 2556 potest

221 2606 470 2686 Praeeuutibus
511 2606 636 2682 Anato
676 2602 764 2695 icis,
812 2603 891 2678 illas
931 2620 1076 2693 partes,
1121 2627 1181 2700 per

126 2730 216 2802 quas
239 2707 368 2798 aliquis
396 2703 528 2778 humor
556 2705 593 2778 in
624 2627 757 2796 plnum
783 2702 1014 2796 secernatur,
1038 2704 1180 2800 glandu·

123 2810 177 2882 las
202 2825 337 2877 vocare
364 2803 472 2887 licet3
500 2803 626 2875 dixere
655 2801 753 2876 enim
783 2801 965 2894 quondam
992 2802 1185 2897 Anatomt

124 2907 184 2993 ci,
215 2901 313 2994 quod
342 2904 398 2975 uli
420 2904 599 2992 glandula,
624 2901 670 2971 ili
683 2900 843 2990 secretim
878 2899 967 2975 lieet
993 2921 1013 2972 a
1037 2924 1098 2977 me
1124 2921 1180 2974 ne·

122 3025 188 3079 rno
213 2997 440 3091 expectabit,
466 3012 509 3072 ut
535 2996 745 3073 anatomico
773 2997 894 3090 rigore
920 2995 1186 3087 demonstrem,-

122 3102 188 3178 has
221 3100 424 3194 plantarum
456 3111 576 3187 partes
602 3091 762 3169 'eandem
799 3114 880 3167 cum
907 3094 1086 3188 glandulis
1111 3098 1188 3170 ani.

122 3199 272 3276 mallum
303 3195 481 3267 internam
514 3191 721 3268 strulluram
754 3191 909 3278 habere;
950 3189 1031 3266 sunt
1062 3211 1189 3281 autem,

122 3292 303 3393 ejusmodi
335 3288 659 3377 GLANDULAE,
701 3285 800 3363 sensu
835 3287 1098 3366 Botanicorum
1128 3314 1181 3366 ac·

122 3409 263 3488 ceptae,
293 3391 331 3462 in
356 3388 467 3467 variis
489 3389 693 3488 plantarum
712 3389 876 3489 partibus
897 3387 1093 3468 admodum
1110 3389 1181 3487 spe

123 3493 251 3578 ciolae3
287 3501 329 3561 ut

218 3630 262 3728 a)
291 3635 332 3711 In
363 3632 651 3712 TRICOCCIS:
690 3635 827 3721 Ricina,
867 3633 1057 3734 Jatropbr,
1094 3639 1183 3716 Ηῃ.

119 3743 238 3822 modia
263 3733 536 3835 &Hipponem
563 3734 601 3811 in
623 3735 753 3830 quibus
772 3733 923 3812 Petiolis
947 3734 1124 3938 insiderat}
1141 3845 1182 3922 In

120 3965 344 3991 ,ιιι-ιιι·-

160 4030 199 4118 r)
221 4045 251 4095 v.
267 4007 410 4097 Aaou
425 4021 523 4097 Aaou
541 4019 648 4098 Votr.
660 4017 853 4112 pausem·
