2602 4716
148 170 215 311 μ’
268 152 493 285 man
516 200 796 281 AFRICANAE
821 180 1091 297 santoneo

147 389 329 485 Erigeron
345 384 526 482 tuberosum
699 383 898 460 Calendula
916 382 1069 479 bortmfir'

148 478 257 565 A'ster
274 484 468 581 crudescenti
699 483 886 557 Poterium
905 483 1125 579 Sangmsorba

150 582 474 679 chrysanthemum
491 585 644 655 creticum
699 581 874 657 Valentia
892 581 1048 656 (hreima

148 680 584 778 Helianthuamultiflorus
706 678 709 686 '

246 854 612 952 eonsummatitimus
627 872 847 963 Botanicus‚
867 873 1081 969 Jonauues
1110 874 1167 951 Bu

151 966 342 1065 ustinus,
371 972 488 1049 hodie
525 970 706 1047 Professor
741 972 937 1046 Botanices
983 973 1167 1047 Amstelod

150 1072 303 1163 mensis,
336 1069 397 1165 qui
418 1092 483 1166 per
505 1071 647 1164 plantas
665 1070 876 1164 Zeysanicas‚
896 1069 1101 1164 Africanae,
1125 1073 1167 1145 As

152 1173 310 1270 hamenses
347 1168 623 1243 &Americonar
661 1167 915 1247 immortalem,
931 1168 1008 1255 ³sihi
1047 1170 1167 1243 nomir

102 1318 105 1325 ·
151 1270 304 1370 gloriam
340 1267 436 1361 apud
468 1264 658 1361 posteros,
692 1265 862 1359 quamdiu
893 1268 1026 1360 plantae
1064 1268 1167 1341 viren

151 1367 402 1463 comparavit3
435 1363 507 1438 Vir
529 1362 589 1437 hic
613 1361 839 1456 amplissimus
869 1362 1081 1458 Capensrom
1111 1366 1167 1458 pla

151 1481 270 1545 tarum
311 1465 350 1539 in
387 1461 479 1536 orbe
510 1459 694 1536 Botanico
738 1461 1017 1555 perfectissimam
1060 1461 1167 1555 possid

151 1561 433 1647 collectionem
468 1560 562 1633 hanc
592 1580 671 1633 non
698 1559 898 1635 Hermanni
916 1576 1060 1635 tantum
1085 1559 1167 1636 &s

150 1659 322 1738 densandi
355 1657 573 1733 Herbarium
599 1655 761 1750 Capense
782 1672 905 1747 tenet,
934 1657 990 1732 sed
1013 1660 1167 1754 etiamn

153 1760 294 1837 amicos
343 1755 377 1830 ἂ
428 1754 705 1855 Gubernatores
757 1752 898 1850 Capitis
944 1758 1055 1831 Bonae
1103 1756 1167 1851 Spe

121 1927 125 1935 .
153 1878 304 1946 omnes,
332 1875 410 1948 quae
437 1852 606 1948 conquiri
641 1853 678 1926 in
713 1851 783 1927 iilis
809 1852 917 1929 terris
943 1876 1099 1948 unquam
1132 1878 1167 1948 ps

1 2033 2 2038 Ν
120 1946 242 2053 Qut,
277 1953 418 2047 plantas
449 1950 520 2065 sibi
552 1950 787 2045 comparandi
821 1951 1050 2066 occasionem
1086 1954 1167 2027 habs

152 2067 364 2227 hissera
406 2045 1167 2247 sitiissss⁰sss²shss⁵’egis

152 2249 199 2323 de
224 2249 376 2322 Gerasus
405 2266 519 2339 opere
542 2246 681 2335 clarus,
710 2246 942 2341 paternisque
963 2246 1057 2325 odeo
1080 2248 1167 2322 mas<

152 2344 258 2421 lein
293 2341 483 2419 Botanicis
516 2341 678 2417 infistenc
711 2343 895 2438 vestigiis,
919 2347 1115 2419 maximum
1144 2368 1167 2418 u

155 2462 227 2539 que
261 2438 502 2517 subsecuturis
531 2436 661 2517 diebus
699 2443 919 2536 promittens
949 2444 1167 2519 inerementi

153 2538 313 2617 scientiae
338 2534 548 2628 Botanicae‚
578 2539 769 2629 attulerat,
793 2541 940 2635 quando
963 2541 1092 2615 estivo
1110 2542 1167 2632 huj

155 2638 242 2714 anni
269 2648 439 2731 ternpore
463 2635 630 2713 borealea
654 2639 722 2712 sas
745 2638 919 2713 salutabat
938 2655 1073 2729 terras,
1097 2637 1167 2711 vasi

153 2737 275 2813 simam
311 2732 428 2809 Panis
460 2732 717 2811 collectionem
752 2737 955 2832 plantarum
984 2734 1166 2833 ¹Capensru

156 2854 235 2930 quae
250 2828 387 2909 'omnia
417 2831 495 2908 haec
534 2830 702 2907 rarishma
737 2835 979 2929 vegetahisia,
1017 2852 1091 2909 tam
1131 2855 1167 2928 pa

156 2932 210 3009 cis
240 2930 337 3023 visa,
373 2930 609 3025 paucioribus
638 2952 730 3005 vero
758 2931 968 3025 explorata,
990 2932 1167 3007 consrderr

156 3029 195 3106 di
219 3029 328 3105 nobis
353 3024 471 3103 ansam
496 3027 662 3120 praebuit.
720 3028 817 3101 Data
842 3029 1035 3104 occasione
1068 3031 1167 3104 vider

156 3129 221 3202 has
259 3124 639 3218 testimoniares,
678 3148 754 3200 non
789 3128 894 3218 potui
939 3150 1015 3201 non
1052 3127 1167 3223 fugiti

157 3225 276 3300 oculis
296 3223 330 3294 ἀ
349 3223 489 3297 casamo
507 3222 832 3313 aliquotsiosculos
850 3243 1002 3313 notare,
1027 3248 1120 3320 quos
1137 3227 1167 3299 h

158 3323 197 3397 in
216 3323 430 3396 memoriam
452 3319 582 3415 optimi
598 3321 793 3395 Burmanni
812 3321 920 3411 srst03
960 3324 995 3397 Si
1018 3345 1110 3397 vero
1130 3344 1167 3415 qs

157 3419 289 3494 nostre
316 3440 442 3514 preces
474 3416 568 3510 apud
587 3417 823 3493 nobilissimos
845 3424 945 3495 aurei
976 3420 1130 3496 thesauri
1163 3448 1167 3487 ι

158 3516 319 3688 gensum
361 3513 572 3611 possessores
589 3518 772 3607 ualeant,
816 3540 984 3613 rogamus
1028 3540 1092 3612 per
1124 3518 1167 3591 sas

191 3615 301 3705 sorte,
341 3635 388 3688 ne
420 3628 617 3707 graventur
653 3614 838 3707 rarissimas
869 3617 944 3690 suar
971 3618 1113 3709 plantas
1150 3614 1167 3687 s

160 3710 288 3807 penses
317 3710 487 3797 iconibus
515 3709 549 3781 ἃ
576 3715 847 3788 commentariis
866 3715 1066 3799 ilsusirare,
1093 3716 1167 3786 ead«

159 3810 267 3904 plane
292 3808 491 3896 methodo,
518 3829 587 3901 qua
617 3812 736 3902 piures
764 3827 870 3888 antea
895 3813 1064 3907 capenscs
1090 3834 1167 3885 cort

157 3904 279 3984 studio
314 3904 523 3985 aternitati·
550 3904 767 3983 consecratae
807 3909 932 4009 sunt„
950 3933 1023 4006 quo
1072 3911 1167 3985 tend«

195 4030 199 4039 ·
1098 4029 1167 4081 ren
