2602 4710
197 205 556 299 uumnnmenr.
583 217 1089 319 rnucnurcumoms.
1119 245 1189 331 ιιι

113 398 274 480 floribus
291 398 510 493 simplicibus
529 395 838 477 circumstantium
868 400 1031 498 ejusdem
1056 404 1191 499 specipi

115 499 412 574 individuorum.
438 497 479 570 fit
511 496 777 588 foecundatum,
806 501 904 577 unde
937 523 1021 575 raro
1045 505 1083 577 ξῃ
1107 503 1190 585 ηιξ.

110 593 184 670 bus
211 594 368 695 fruitum
395 595 583 684 videmus,
625 594 690 668 nifi
721 593 761 669 in
786 600 975 675 nonnullis
1003 602 1189 698 Papaucri·
1268 682 1269 686 ξ

115 698 201 786 ms,
230 693 442 790 Delphiniis,
464 694 696 769 Ancmanibns.
865 743 868 749 ‚

200 791 396 896 Quemvis
424 791 588 880 Crocus,
618 789 844 883 Cyclamem
872 791 1089 874 colchicum
1118 795 1187 873 occ.

117 888 157 965 in
186 889 379 963 nonnullis
401 886 471 962 iuis
498 888 685 981 speciebus
709 902 888 973 sutumno
922 893 1052 970 florem
1084 894 1189 988 emit·

117 1002 222 1077 tent,
255 985 293 1061 in
324 985 404 1060 aliis
433 1000 553 1061 autem
587 1007 707 1059 verno
741 999 1070 1087 tempore,·neque
1092 993 1190 1069 hanc

116 1087 236 1180 legem
280 1105 437 1177 unquam
485 1097 649 1176 mutent,
691 1084 730 1158 in
776 1085 933 1162 diversas
975 1100 1097 1177 tamen
1140 1111 1189 1166 ex

114 1181 369 1258 TEMPORE
392 1181 549 1255 florendi
577 1205 621 1253 ea
647 1180 813 1256 dividere
834 1182 970 1279 species
998 1187 1084 1260 ideo
1109 1210 1212 1279 non

114 1280 323 1372 convenit,
364 1280 449 1375 quie
493 1280 613 1374 quoad
656 1279 868 1355 struiluram
909 1304 956 1375 ex
995 1282 1065 1358 asie
1106 1283 1189 1369 sunt

114 1379 256 1456 nmilia.
743 1397 754 1417 ·

212 1471 477 1550 MUTlLATI
509 1489 692 1553 vocantur
727 1476 862 1568 flores,
899 1475 962 1572 qui
998 1477 1189 1559 Corollam

115 1588 162 1650 ut
201 1595 428 1673 congeneres
468 1573 672 1668 producere
714 1575 912 1665 deberent,
960 1573 1020 1650 sed
1064 1592 1189 1668 tamen

115 1670 266 1768 prorsus
295 1685 445 1746 manent
468 1673 613 1765 apetaii.
659 1672 805 1747 Climati
833 1673 906 1747 hoc
931 1677 1089 1751 maxime
1125 1677 1188 1768 de·

114 1772 229 1847 betur
243 1769 352 1844 nimis
368 1768 523 1864 frigidm
552 1768 587 1843 T
581 1769 708 1866 nffilaga
726 1773 920 1859 Amnum,
945 1772 1074 1849 florem
1089 1775 1187 1891 apud

114 1889 189 1946 uos
212 1867 274 1941 sub
295 1869 359 1950 dio
378 1890 560 1960 nunquam
580 1871 717 1963 aperit,
743 1882 780 1941 nt
801 1870 839 1942 in
859 1867 1029 1944 Caldario
1045 1873 1188 1952 sedtum
1234 1944 1238 1949 ,

115 1967 452 2062 explicat,1Silena
482 1967 660 2061 portanfim
697 1970 816 2042 Salvia
844 1966 1038 2056 verbenaca,
1078 1972 1187 2066 Cisius

106 2062 334 2165 salicifalins,
384 2063 493 2157 Cislns
534 2079 706 2158 guttatus,
762 2067 960 2160 campanula
990 2069 1185 2164 specuium,
1297 2064 1300 2073 ’

123 2163 291 2256 llrynrlra
316 2166 536 2248 uerticiilata,
573 2161 747 2236 'lanarium
770 2160 857 2251 Ina,
881 2160 1081 2240 Ammanna'a
1109 2170 1205 2260 lati·⁸

109 2258 220 2357 salin,
251 2265 446 2356 Campannla
457 2258 655 2356 persanata,
686 2260 823 2356 lpnnara
844 2279 904 2359 pas
931 2265 1086 2356 tigridis,
1112 2260 1187 2347 Rn'·

115 2364 194 2436 tllia
225 2359 440 2452 clandestina,
479 2359 612 2432 Ruellia
640 2360 836 2449 Bucinum,
872 2357 910 2432 in
941 2358 1186 2445 hibernaculis
1225 2359 1233 2379 ”

116 2456 255 2534 nostris
288 2457 429 2544 apenla
458 2455 530 2530 line
561 2455 712 2529 Corolla
739 2457 936 2531 florent&
965 2457 1101 2554 fruitus
1130 2462 1187 2536 ni·

116 2555 320 2630 nilominus
349 2567 545 2648 promunt,
578 2550 637 2627 scd
665 2554 799 2628 caedem
824 2552 879 2628 hoe
910 2555 1043 2652 plentae
1067 2546 1188 2638 Muti·

116 2654 202 2729 latae
225 2651 460 2728 sufficientem
486 2651 597 2729 nailae
623 2648 734 2726 solem
768 2652 802 2724 δι
831 2656 974 2744 aerem,
1006 2676 1076 2747 nec
1106 2677 1187 2735 non

119 2767 252 2845 aquam
276 2751 312 2824 δι
332 2748 446 2824 solum
474 2751 684 2844 proprium,
711 2747 889 2844 perfectas
919 2753 1084 2844 prebent
1111 2751 1185 2829 Co·

118 2852 245 2926 tollas.
295 2847 413 2927 Immo
436 2848 595 2923 Larcium
618 2853 851 2944 amplexicaula
882 2869 966 2945 raro
994 2850 1088 2944 apud
1114 2874 1186 2938 nor

116 2949 339 3022 corollatum
372 2943 616 3042 conspicitur,
660 2946 726 3023 miii
755 2944 894 3022 estates
924 2947 961 3020 ei
991 2949 1122 3026 mirum
1146 2951 1187 3028 in

119 3045 269 3121 modurn
293 3045 434 3119 favent.
1143 3099 1167 3145 .·

215 3140 483 3232 lllRSUTlES
523 3139 668 3234 quidem
703 3138 939 3215 'constantior
983 3141 1035 3217 est
1079 3167 1187 3238 quam

117 3242 314 3339 qualitates
340 3241 507 3332 priores,
542 3239 599 3314 sed
621 3239 727 3314 valde
758 3255 879 3315 tamen
903 3255 1106 3329 mutatura
1130 3244 1184 3318 lo·

119 3363 190 3430 co,
223 3352 266 3412 ut
288 3338 416 3414 Planta
444 3360 523 3431 quae
551 3338 589 3412 in
611 3337 769 3412 humidis
796 3337 874 3411 iere
896 3339 1019 3433 glabra
1049 3340 1114 3435 sit,
1146 3343 1186 3426 in

117 3438 222 3516 liceis
249 3435 341 3532 saepc
370 3433 414 3511 fit
438 3433 598 3530 hispida,
633 3459 666 3508 e.
688 3457 722 3533 g.
752 3438 954 3529 Polygonum
976 3442 1185 3535 ampiiiinm.

118 3535 170 3612 lit
192 3537 327 3631 plnntae
352 3555 436 3608 raro
452 3534 569 3633 spinas
593 3533 798 3629 deponunt,
824 3548 866 3606 ut
887 3536 1022 3611 Vaccoe
1039 3538 1186 3615 norian-

118 3635 211 3709 dicae
241 3654 404 3728 cornua,
437 3635 484 3708 sic
517 3635 633 3727 Pyros
655 3632 834 3734 sylvestris
860 3629 1001 3726 spinosa
1023 3632 1096 3728 est,
1127 3635 1187 3712 sed

116 3731 234 3809 sativa
258 3732 417 3805 inermis.
896 3754 898 3757 ’
952 3801 955 3807 ,
987 3810 1001 3841 δ
1123 3788 1128 3807 .

212 3831 392 3906 Praeterea
423 3828 506 3904 heic
539 3849 616 3903 non
650 3824 813 3923 possum,
838 3849 914 3921 quo
937 3830 1057 3906 minus
1081 3845 1185 3907 veto·

114 3948 196 4008 tem
227 3929 413 4026 exagitem
447 3947 608 4009 errorem
633 3929 886 4099 popularem,
922 3931 1033 4019 etiam
1056 3932 1185 4100 nlstm

699 4047 719 4101 2
1111 4048 1186 4102 em-
