2602 4716
285 247 538 329 MORSURA
571 245 902 327 SERPENTUM.
1055 274 1128 335 arr

60 432 172 522 lerit,
211 430 352 505 mitiori
383 425 508 507 liniret
536 429 685 505 foemina
711 429 1040 522 effoeminatlllima,
1072 433 1129 512 in·

62 534 184 628 junxit
200 528 388 616 Medici,
413 543 454 600 ut
475 528 639 602 toxicum
658 528 851 605 miscerent
877 533 1012 624 absque
1032 550 1130 611 mon·

63 632 110 703 tis
138 626 241 703 sensu
276 624 519 700 mortiferum.
586 627 633 700 Hi
667 625 800 722 igitur,
828 631 979 718 tentatis
1002 631 1129 725 sepius

64 728 101 801 in
126 725 258 821 capitis
284 724 461 797 damnatis
485 725 638 797 venenis
662 726 798 814 variis,
823 725 1032 803 inciderunt
1050 744 1129 804 tan·

67 823 211 898 demin
239 820 434 916 Aspidem‚
473 821 577 914 cujus
613 821 751 896 morsus
784 823 857 898 fine
885 827 962 899 ullo
995 830 1129 902 morbo

68 921 205 1017 praevio
235 933 299 993 aut
332 919 485 1014 sngultu
509 939 592 992 cum
624 922 726 994 molli
760 921 1016 996 tantummodo
1047 925 1129 1000 vul·

11 1060 15 1069 ·
69 1037 124 1095 tus
150 1018 302 1105 sudore,
332 1016 567 1110 sensuumque
602 1018 825 1092 hebetudine
854 1042 896 1093 ac
921 1020 1128 1097 somnolen-

73 1119 139 1205 tia,
163 1109 320 1190 mortim
346 1116 545 1205 accelerat,
574 1115 839 1190 internecionis
860 1116 1130 1212 propemodum

11 1215 211 1309 signaris.
263 1212 381 1306 Hujus
417 1235 505 1308 ergo
540 1217 674 1287 veneni
714 1213 890 1309 Reginam
931 1220 1130 1294 certiorem

72 1313 253 1401 iecerunt,
288 1329 367 1403 quae
395 1326 458 1383 aut
484 1309 545 1404 ipsr
575 1309 699 1406 Aspidi
733 1312 856 1405 petius
892 1315 952 1387 vel
986 1316 1129 1391 brachi·

72 1430 123 1483 um
150 1408 413 1481 vulnerandum
438 1409 626 1499 exhibuit3
655 1421 739 1498 aut,
764 1409 864 1503 quod
887 1413 1027 1488 malunt
1049 1415 1128 1509 alii,

72 1507 104 1582 in
134 1509 364 1602 pharmacum
403 1494 627 1607 vipereum,
655 1506 753 1600 quod
779 1507 818 1582 in
846 1508 916 1584 hos
939 1509 1022 1585 usus
1049 1524 1130 1590 tan·

72 1605 171 1700 tisper
206 1604 434 1694 adservaret,
459 1624 563 1677 acum
599 1603 1023 1696 comtoriamzintinxit,
1063 1631 1129 1686 cu·

71 1704 118 1796 jus
146 1726 192 1776 ex
217 1699 440 1797 pundiione,
467 1713 624 1775 veterno
650 1701 747 1795 quasi
768 1698 909 1798 sopita,
932 1708 1123 1785 occubuit.

72 1803 280 1877 venenatos
312 1799 488 1891 plurimos
513 1798 720 1889 colubros,
749 1815 881 1894 preter
913 1803 1036 1897 pleros
1062 1826 1125 1901 ue,

70 1897 197 1975 iinon
236 1916 364 1970 omnes
397 1895 590 1990 Crotalus,
631 1913 819 1973 enumerat
852 1898 1014 1996 systema
1038 1827 1125 1981 its·

70 2009 174 2082 turea
212 1996 337 2091 quales
363 1992 464 2071 sunt:

68 2137 202 2233 Vipera
247 2226 262 2236 ·
328 2134 497 2230 Atropos
640 2133 794 2210 Leberis
877 2137 1125 2237 Ammodytes

68 2234 172 2312 herus
330 2231 483 2307 Cbersea
639 2229 780 2308 Presser
875 2233 984 2329 Aspis

68 2332 262 2410 lebetibus
329 2330 486 2405 Severus
640 2327 804 2405 Stolatus
876 2328 1030 2410 tauers

10 2458 18 2505 ε
69 2429 156 2527 isaia
330 2430 454 2503 Atrox
642 2423 790 2505 Nireus
876 2429 1085 2512 Corallintta

69 2526 193 2628 Dipsas
327 2524 577 2621 Myderizans

158 2670 297 2772 1⁴1an
328 2667 497 2747 homines
532 2666 596 2743 suo
636 2665 710 2742 isin
748 2667 840 2743 adeo
880 2668 1120 2754 vehementer

9 2780 22 2797 '
68 2774 239 2871 corripit,
274 2784 317 2846 ut
351 2768 445 2843 intra
479 2767 617 2842 horulae
655 2765 806 2861 spatium
833 2765 1030 2845 decedant:
1066 2788 1120 2849 at·

9 2860 20 2906 ³
68 2891 128 2969 que
159 2875 229 2948 bac
257 2867 403 2964 quidem
427 2865 594 2956 ratione,
620 2876 663 2938 ut
691 2885 739 2938 ex
766 2862 897 2940 ollibus
923 2865 1121 2950 divellatur

9 2956 17 3003 ²
68 2993 146 3046 caro
177 2971 217 3046 in
244 2970 424 3042 lentorem
450 2962 632 3058 putridum
658 2977 738 3036 tota
761 2962 986 3057 liquescens,
1011 2989 1120 3062 quam

9 3051 15 3096 ³
69 3071 112 3144 ob
133 3065 286 3144 caussam
313 3065 375 3139 hic
391 3059 547 3137 sortaffis
570 3061 714 3155 serpens
740 3083 808 3155 pro
831 3062 961 3136 eodem
991 3086 1034 3138 ac
1056 3065 1119 3142 Se·

68 3190 107 3265 pe
122 3182 305 3254 veterum,
328 3161 423 3237 baud
444 3159 627 3234 immerito
645 3159 831 3234 habeatur.
879 3159 1003 3235 Plures
1018 3180 1118 3242 nune

68 3283 347 3341 commemomre
389 3281 465 3334 uon
499 3258 655 3346 attinet,
690 3257 855 3350 quamvis
886 3257 954 3331 srnt
988 3280 1117 3339 eorum

9 3328 16 3437 i
67 3365 294 3459 perplurimi,
325 3357 385 3451 qui
415 3377 483 3450 pro
516 3354 715 3449 specierum
747 3354 879 3429 summa
913 3358 1115 3453 varietate,

67 3465 300 3558 symptomata
335 3477 481 3549 quoque
514 3451 740 3526 diversrilima
772 3451 954 3541 efficiunt3
991 3470 1028 3530 at
1064 3461 1117 3535 ita

66 3575 180 3635 umen
208 3551 375 3643 diversa,
419 3567 461 3624 ut
495 3556 532 3625 ln
573 3548 858 3626 communissimo
899 3573 947 3624 eo
987 3574 1115 3634 omnes
1164 3586 1168 3592 ·

65 3661 175 3733 amice
196 3653 379 3749 serpentes
406 3649 653 3734 conveniant,
686 3647 784 3741 quod
810 3670 886 3723 non
908 3649 972 3726 nisr
996 3653 1032 3724 vi
1052 3670 1115 3730 ex·

65 3773 186 3847 terna,
224 3748 450 3836 mordendo,
489 3745 707 3843 pungendo,
752 3758 815 3819 aut
850 3769 919 3841 qua
954 3749 1113 3827 demum·

65 3875 202 3949 cunque
230 3851 376 3926 ratione
400 3846 490 3935 alia,
518 3843 630 3918 sanies
660 3843 880 3919 extrinsecus
910 3846 949 3922 in
976 3845 1109 3944 sangui-

66 3972 144 4029 nem
174 3947 324 4029 immitti
348 3942 481 4041 possit,
511 3941 643 4018 ledam
681 3963 723 4015 ac
749 3942 942 4020 trucident
988 3945 1115 4021 Restat

596 4036 678 4131 02
992 4045 1114 4138 -J'um
