2602 4716
371 113 584 195 tronum
615 72 855 223 Qunssnm
1072 135 1145 211 427

56 294 257 469 effigiatio
284 294 359 389 est,
384 308 427 373 ut
454 295 697 393 praesentanea
719 297 856 375 censeri
880 297 1014 375 merito
1040 292 1146 391 possit

60 417 133 471 me
169 414 282 471 terna.

182 486 374 569 Mona
399 491 560 595 Quoffiom
580 458 809 593 proferimur
833 495 957 570 varius
984 488 1053 566 effe
1077 508 1143 583 po·

62 589 167 667 test.
227 589 319 664 Dari
342 592 438 665 enirn
461 591 637 665 conducit
659 596 718 668 vel
745 593 784 669 in
808 597 977 681 Pulvere,
1013 589 1075 663 vel
1105 586 1144 661 in

39 686 238 775 ‘Panem
266 690 328 762 vel
351 690 389 765 in
411 689 618 775 Eieiiuario,
645 694 705 765 vei
730 691 768 765 in
791 711 1005 788 quacunque
1026 688 1144 763 forma

8 820 13 827 ·
66 786 169 863 ulia.
220 784 341 890 Quassi
369 785 443 881 ipse
467 787 624 860 radicem
653 790 825 885 raspatam
856 789 982 878 sumit,
1013 781 1145 881 digerit

67 900 171 961 eum
183 882 314 981 spiritu
333 884 412 961 vini
435 886 567 981 gallico
588 908 784 981 perunum
805 890 1006 962 alterumve
1022 884 1143 971 dicrn,

9 1012 17 1059 :
69 980 176 1057 1000
213 982 364 1076 tepido,
410 987 641 1077 rinuuranqur
677 986 764 1060 inde
797 997 914 1059 ortam
950 983 1142 1067 decantat,

65 1078 199 1155 filtrat
237 1078 485 1176 &propinat
555 1084 647 1183 Quoe
680 1097 800 1161 autem
830 1081 955 1157 Nobis
987 1080 1144 1156 maxime

9 1206 12 1253 :
72 1176 244 1266 arridet,
267 1177 421 1255 formula
439 1180 516 1254 haec
534 1183 604 1257 est:

180 1272 232 1371 15·
256 1274 362 1373 Ligu.
383 1276 556 1383 Quane,
580 1278 709 1372 raspati
732 1278 889 1353 dracbm.
903 1278 938 1372 j.

257 1374 512 1467 urrunnun.
531 1378 718 1452 ebullient.
738 1377 838 1451 Libr.
856 1378 883 1470 j.

257 1470 363 1547 Stent
386 1473 424 1547 in
450 1474 651 1571 digestione
674 1497 739 1570 per
764 1476 951 1564 horulam,
983 1468 1018 1544 bt
1045 1463 1145 1563 irrfrfi

257 1570 314 1645 dtr
328 1569 454 1665 saepius
475 1574 570 1650 Une.
589 1575 614 1666 j.
636 1595 703 1666 pro
721 1573 809 1647 dofi.

179 1666 221 1743 Si
236 1690 329 1743 vero
353 1669 456 1762 quis,
484 1671 546 1743 vel
568 1671 737 1767 gratioris
760 1669 896 1765 saporis
918 1660 1142 1743 conciliandi
1201 1752 1204 1757 Ι
1247 1726 1252 1735 .

79 1763 225 1855 mussa,
253 1767 315 1839 vet
337 1769 446 1859 etjam
473 1770 543 1841 alia
568 1769 785 1842 conditione
813 1767 961 1852 dubius,
987 1757 1142 1837 infusum

83 1865 165 1959 ejus
186 1864 335 1961 vinosum
349 1866 463 1953 velit,
491 1868 599 1957 etjam
626 1866 661 1937 id
683 1879 765 1939 tuto
789 1865 905 1959 parari
927 1878 1035 1955 atque
1056 1878 1141 1953 pro·

80 1961 205 2057 ,pinati
227 1960 359 2056 potest,
410 1961 494 2037 Nec
516 1965 608 2037 dosis
627 1964 702 2036 uilo
722 1963 844 2037 modo.
858 1960 910 2034 est
926 1954 1140 2042 metuenda,

83 2057 144 2133 iod
163 2060 304 2156 porrigi
330 2061 450 2155 potest
480 2062 522 2135 ad
549 2061 718 2153 duplam,
749 2059 915 2152 triplam,
955 2059 1030 2131 imo
1056 2073 1141 2145 qua·

87 2155 274 2253 druplam,
304 2157 378 2233 fine
404 2160 505 2234 omni
531 2158 752 2250 formidine,
785 2156 942 2231 violenti
973 2153 1033 2227 vel
1059 2168 1141 2262 cor·

85 2252 196 2331 rofivi
224 2257 380 2332 veneni:
415 2279 463 2333 ne
490 2260 684 2348 reticeam,
714 2256 880 2351 quodne
905 2260 1142 2346 eccoprotrca

86 2350 232 2441 quidem
262 2353 324 2442 srt3
355 2356 453 2430 unde
478 2355 632 2430 omnino
656 2369 778 2449 patet,
810 2376 888 2428 eam
914 2365 1051 2426 naturae
1072 2366 1140 2421 no·

85 2446 188 2623 31,
225 2451 376 2547 reliquit
407 2467 568 2529 extreme
595 2453 746 2545 amaris,
783 2453 902 2528 multo
929 2447 1141 2524 amiciorem

131 2570 384 2740 ο’(ἷεεῑοτῑιιιι,
417 2649 582 2746 quamvis
614 2645 778 2822 (guaffia,
805 2648 842 2720 in
873 2658 1139 2755 quantumcgo

87 2742 202 2835 tovi,
237 2747 404 2823 nonnisi
432 2749 469 2822 in
493 2746 597 2819 dietis
639 2745 784 2820 ebribus
810 2740 1140 2819 intermittentibus

89 2856 196 2939 atque
222 2841 534 2919 Exacerbantibus
565 2845 751 2936 hucusque
783 2840 1020 2928 inclaruerit,
1061 2837 1140 2914 nul·

15 2950 25 2999 .:
87 2937 158 3015 lum
183 2952 306 3017 tamen
335 2942 388 3018 est
411 2944 581 3031 dubium,
618 2941 705 3034 quin
735 2941 783 3019 it·
803 2939 952 3032 reliquis
977 2935 1139 3023 morbis,

13 3046 32 3123 ξ
88 3036 127 3111 ab
145 3036 257 3111 acido
282 3041 395 3131 ortis,
418 3039 700 3134 praestantiffimo
723 3038 758 3114 se
783 3036 914 3114 effectu
942 3037 1141 3130 probatura

25 3228 29 3233 ,
84 3132 146 3223 iit,
185 3148 317 3230 utpote
352 3140 389 3212 in
416 3138 756 3234 Hypochondriafr,
787 3133 1012 3223 Arthritide,
1046 3132 1141 3209 Len·

82 3231 272 3324 tunboea,
298 3237 374 3312 imo
394 3235 470 3331 ipio
489 3234 724 3329 putridissimo
740 3234 932 3332 Spbacclo.
955 3230 1024 3308 &m

515 3381 632 3466 CAP.
662 3383 718 3464 V.

78 3607 91 3623 ·
198 3510 599 3606 EXPERIMENTA,
653 3538 736 3592 cum
783 3514 906 3611 Ligno
966 3516 1140 3623 Quaffiae,

74 3628 119 3687 rn
148 3606 273 3686 Patria
303 3612 446 3702 nostra,
472 3611 658 3707 instituta,
690 3615 863 3708 pauciora
889 3615 1006 3691 adhuc
1035 3618 1139 3709 sunt,

78 3708 185 3799 cuod
218 3708 300 3786 sanc
332 3731 409 3787 non
440 3710 603 3803 mireris,
638 3735 721 3789 cum
750 3714 790 3789 in
829 3715 939 3808 copia
974 3715 1140 3793 noudum

70 3806 245 3887 obtineri
270 3808 445 3905 potuerit.
495 3808 553 3886 Ex
579 3811 794 3909 pauciiiimia
820 3824 964 3910 umen,
986 3836 1045 3891 rne
1061 3839 1139 3897 rem

904 3952 907 3957 ·
1044 3914 1140 3993 haud
