2602 4716
534 156 552 204 l

150 370 153 385 .
200 280 276 391 ¹³⁴
424 238 608 346 netoii
638 251 1030 344 vastentontun
1124 344 1128 351 .

296 444 414 523 Priori
437 446 561 543 generi
586 463 722 522 nomen
743 444 973 521 Cantharidir
993 443 1155 521 retinere
1169 436 1260 524 con·
1290 473 1295 519 t

201 541 332 621 cessum
357 542 431 634 est,
459 543 632 638 quoniam
663 546 783 638 piures
818 541 1150 634 comprehendebat
1184 543 1260 640 spe-
1289 604 1297 617 .,

202 641 302 731 cies,
338 642 529 717 &minori
555 641 809 716 immutatione
842 638 1048 736 indigebat3
1077 640 1297 742 posterius,

201 760 319 830 vero,
344 739 577 832 conjundiutn
594 759 675 815 curn
699 759 832 834 genere
863 736 959 828 aiio,
988 750 1095 813 antea
1124 738 1263 814 stabili·
1293 797 1297 836 2

201 850 267 927 to,
291 839 403 916 Meioi'
421 835 473 912 est
492 837 648 929 ditium,
667 835 767 935 quod
782 857 918 911 nomen
937 835 1155 911 aParaceiso
1170 836 1261 912 sunu
1293 894 1297 915 .

202 935 358 1017 tumhic
373 955 520 1032 quoque
535 934 699 1030 recipere
716 930 895 1008 necessum
911 931 1104 1011 habebant.
1153 934 1262 1008 Hane
1293 922 1297 937 '

136 1060 141 1075 ,
203 1032 255 1106 ob
285 1031 435 1109 caussam
462 1029 700 1107 Cantharides
730 1028 860 1105 nostre
894 1029 954 1103 ad,
972 1030 1009 1102 id
1039 1050 1153 1127 genus
1181 1004 1297 1123 non²¹

202 1129 410 1224 pertinent,
437 1131 534 1224 quod
559 1153 579 1204 a
603 1128 782 1223 Zooiogis
810 1129 1020 1203 nominatur
1045 1127 1260 1221 Cantharis,

202 1223 263 1302 sed
289 1228 332 1300 ad
356 1228 442 1300 iliud
467 1228 565 1320 quod
586 1227 786 1322 appellatur
808 1219 948 1298 Mel'o'e'.

254 1338 363 1413 Genus
384 1339 511 1414 Matris
535 1336 766 1431 sequentibus
782 1336 1054 1413 Charaiieribus
1074 1335 1259 1415 definitur.

209 1506 214 1517 .
274 1436 748 1528 Anrmnnrnonilifonnes,
774 1436 929 1512 articulo
950 1436 1081 1512 ultimo
1105 1452 1237 1513 ovato.

210 1587 220 1596 -
284 1532 415 1610 storax
438 1531 692 1626 subnotandus.
930 1620 934 1626 .

127 1652 128 1657 ’
210 1689 222 1727 ·.
279 1629 407 1726 Etyrra
430 1631 556 1705 mollia
577 1626 601 1704 s.
627 1629 776 1723 flexilia.

212 1804 216 1810 ,
279 1733 385 1823 Caput
410 1727 607 1819 inflexum,
626 1728 785 1823 gibbum.

302 1842 523 1935 spectus,
551 1843 589 1918 sn
622 1844 723 1919 omni
760 1844 910 1920 materia
945 1841 1109 1932 medica,
1138 1838 1268 1918 distin·

206 1940 264 2022 &e
293 1943 453 2036 proponi
483 1941 640 2017 debent:
675 1963 785 2035 quare
810 1941 989 2021 necessum
1014 1941 1133 2031 duco,
1168 1939 1264 2014 divi·

205 2043 343 2121 fiunem
372 2041 480 2114 etiarn
504 2037 651 2113 Melobs
674 2038 878 2126 observaris
906 2041 967 2132 qui
991 2059 1141 2132 quoque
1163 2056 1266 2112 eorn-

205 2140 316 2218 mode
338 2137 375 2212 in
399 2138 486 2212 duas
514 2136 708 2233 phalanges
727 2137 914 2231 primarias
931 2136 1099 2230 distingui
1126 2133 1264 2231 potest,

204 2256 361 2328 nempe,
395 2236 433 2307 in
465 2253 527 2319 eas
550 2229 699 2308 Meiobs
726 2233 885 2326 species,
916 2255 996 2326 quae
1030 2234 1169 2309 habent
1202 2248 1271 2309 1:02

208 2333 336 2427 Elptrn
359 2333 546 2407 abbaciam
560 2330 705 2426 ,absque
726 2330 991 2424 subjacentibus
1020 2330 1111 2418 alisr
1136 2348 1199 2405 ato
1223 2329 1275 2406 ia(

209 2451 295 2516 eae,
327 2429 456 2519 quibus
490 2425 572 2502 sunt
596 2428 732 2523 uuna
756 2433 952 2524 longitudine
979 2430 1155 2504 obduruistis
1179 2442 1268 2505 cum
1295 2495 1297 2498 ,

206 2524 477 2618 subjacentibus
507 2524 594 2599 alis-r
631 2525 768 2600 adher
808 2527 994 2620 pertinent
1025 2523 1297 2600 Cantharidea'

207 2637 279 2704 nd
372 2621 619 2709 officinarum
650 2622 694 2698 ad
720 2623 799 2696 ilias
823 2644 922 2697 vero¹
943 2622 1151 2696 Scarabaeus
1183 2622 1266 2709 Ma«,
1294 2624 1297 2709 ἶ

208 2620 370 2817 ieffleu
387 2715 834 2810 scarabeusUnduosus‚
859 2720 921 2795 vel
941 2718 1265 2809 Pro-Scarabaeurr
1293 2718 1297 2810 ξ

210 2816 583 2910 iuPharmacopoliis
608 2817 697 2891 olim
725 2816 861 2908 didius,
906 2820 1010 2911 cujus
1042 2815 1123 2889 usus
1152 2810 1297 2907 hodsi]

213 2912 308 3010 apud
338 2913 509 2988 Medicus
544 2913 622 2988 fere
650 2912 981 2992 indesuetudinem
1008 2912 1136 3002 venit,
1164 2911 1266 2988 forne
1295 2923 1297 2932 '

210 3027 276 3091 tan
299 3033 379 3086 earn
397 3011 452 3090 ,ob
476 3008 651 3099 caussam,
675 3010 774 3104 quod
801 3011 958 3086 Medicis
980 3032 1066 3084 vera
1093 3012 1173 3103 ejus
1207 3010 1266 3085 vii

209 3109 257 3189 dt:
283 3109 442 3185 efficacia
473 3108 601 3202 ignota
628 3107 759 3194 fuerit3
794 3130 900 3202 quarn
924 3109 1018 3184 haud
1050 3108 1162 3182 facile
1184 3127 1269 3201 pet·¹

212 3207 350 3301 spicere
370 3221 590 3299 potuerunt,
615 3207 785 3296 quamdiu
801 3227 906 3297 eum,
931 3206 1089 3279 vinculis
1114 3204 1263 3299 propin·

214 3303 384 3477 qussatibs,
424 3297 702 3376 cantharidibus
735 3301 868 3378 nostris
894 3303 1136 3397 coniuniium
1171 3299 1262 3399 effe,

212 3422 260 3476 ne
299 3402 332 3477 ie
359 3414 432 3472 ant.
1219 3440 1222 3445 -
1267 3412 1272 3421 '

229 3553 236 3561 ·
309 3514 476 3609 Species,
508 3534 587 3607 quae
618 3514 870 3589 vesicatorium
905 3513 1041 3590 habent
1072 3509 1262 3605 effessum,

215 3612 259 3689 ad
292 3633 397 3703 quern
431 3633 452 3684 a
487 3611 645 3686 Medicis
684 3611 917 3705 usurpantur,
950 3611 1031 3685 sunt
1051 3611 1188 3704 varie,
1222 3609 1262 3684 li·

215 3722 276 3784 cet
297 3707 435 3782 Medici
465 3707 650 3802 hucusque
684 3730 754 3782 una
785 3708 1010 3784 solummodo
1040 3706 1158 3799 specie
1198 3726 1263 3803 per

213 3818 330 3879 totam
365 3803 549 3900 Europam
578 3807 645 3881 sint
676 3806 744 3896 usr,
780 3827 885 3900 quarn
915 3807 1001 3882 huic
1032 3808 1120 3878 loco
1156 3799 1263 3898 subji-

213 3901 377 3979 tiendarn
399 3902 467 3977 effe
491 3902 670 3994 necessum
694 3901 813 4003 (susp,
836 3917 878 3981 ut
902 3902 1072 3980 Medicus
1096 3898 1273 3978 Pharna·-

263 4048 268 4059 ·
1143 4019 1262 4095 copo·
