2602 4710
196 218 557 321 ‚rumpantur
580 218 1078 325 raucurrcnrrorus.
1111 243 1181 338 29³.
1227 322 1235 347 Ι,

117 401 165 477 de
207 421 394 475 canonem
426 403 695 499 proclamarunt
727 413 869 493 ,naturae
907 400 1062 476 consulti
1101 399 1182 475 uni-

117 497 319 588 versalem,
356 498 454 591 quod
487 498 642 591 hybrida
672 496 809 591 semper
839 501 907 575 sint
938 498 1091 573 sterilia:
1123 494 1216 572 sed·

116 596 307 683 conclusio
338 617 358 670 a
390 597 669 686 particularibus
702 595 744 670 ad
773 596 989 671 universalia
1017 617 1093 671 non
1120 601 1184 687 va·¹
1226 605 1231 613 '

117 698 182 780 let.
237 692 333 766 Nam
364 694 529 786 Friugilla
559 698 698 768 Canaria
724 694 762 767 dr
790 698 911 789 Spinus
934 705 1110 791 generant
1129 692 1183 766 in·

117 808 176 878 ter
202 793 261 879 se,
297 790 330 863 dt
365 791 558 886 progenies
591 812 734 881 earum,
765 793 875 867 certis
909 793 1031 868 saltem
1066 788 1183 886 gradi·

117 893 210 982 bus,
242 886 293 963 est
326 887 468 962 fertilis.
530 888 641 994 Quod
675 888 853 985 in'regno
883 889 1102 987 vegetabili,
1139 886 1183 986 li·

119 1001 180 1063 cet
213 987 352 1076 rarius,
378 985 534 1063 existant
572 988 826 1083 generationes
864 989 1046 1084 hybrida,
1080 984 1183 1071 vide·

117 1107 158 1160 re
185 1086 277 1158 licet
316 1107 361 1158 ex
398 1083 649 1176 Anconitalibur
679 1089 770 1164 acad.
805 1102 830 1161 t.
850 1109 884 1180 3.
914 1098 1024 1183 p.28.
1056 1084 1109 1159 N.
1127 1080 1179 1159 D.

118 1183 302 1273 stolidis,
340 1183 491 1275 ejusque
524 1182 749 1258 resolutione
787 1186 967 1281 questionis
1000 1185 1181 1281 Persepoli·
1225 1196 1228 1201 “

113 1298 200 1365 tora
229 1283 266 1359 de
283 1280 371 1376 sexu
394 1285 604 1376 plantarum,
644 1283 778 1376 Ptrrop.
806 1287 912 1378 1760.
963 1280 1201 1373 Exemplum

115 1379 228 1473 hujus
258 1378 312 1455 rei
351 1379 420 1451 hac
453 1377 574 1452 astate
605 1379 644 1454 in
679 1379 804 1457 Horto
835 1379 1059 1455 Academico
1086 1376 1182 1460 vidi·

114 1498 197 1574 mus
218 1474 557 1559 ¹luculeirtiilirnunr:
589 1476 671 1551 heic
703 1478 800 1553 eninr
826 1481 1034 1573 perplures
1063 1495 1182 1551 annos

114 1574 156 1649 in
181 1572 324 1648 eodem.
340 1574 496 1666 pulvillo
516 1576 636 1649 crevit
661 1577 852 1673 Verbasrum
881 1578 1026 1674 lhapsus
1046 1575 1080 1648 dt
1101 1575 1181 1648 Ver·

113 1673 245 1769 luserint
263 1670 462 1766 Lyrbaitir:
493 1672 716 1748 ¹verbascum
745 1674 938 1769 Lychnitis
972 1673 1101 1748 sonte
1130 1669 1184 1745 se-

113 1769 294 1847 minatum
328 1766 471 1861 est,-&
507 1771 545 1844 in
578 1771 754 1868 progenie
792 1786 923 1846 exorta
952 1698 1008 1847 es
1033 1772 1181 1866 planta,

116 1889 243 1967 quam¹
263 1865 388 1942 nescio
428 1889 474 1942 an
511 1858 604 1941 ullus
639 1867 776 1953 viderit
809 1869 1011 1945 Botanicus
1048 1881 1181 1964 preter

111 1963 336 2063 Agerium„
359 1965 419 2058 qui
457 1978 541 2040 ante
578 1978 746 2058 centum,
787 1967 822 2044 dr
859 1966 974 2064 quod,
996 1964 1180 2055 excurrit,

112 2084 237 2139 annos
271 2060 453 2165 specimen
488 2065 565 2158 ejus
600 2064 770 2139 siccatum
803 2065 848 2141 ad
920 2067 1183 2153 ola-Bouhinvm
1218 2081 1220 2085 ·

112 2162 236 2248 misit,
272 2159 335 2251 qui
360 2161 522 2255 plantam
549 2162 643 2235 hanc
675 2164 836 2237 vocabat
906 2157 1183 2250 ERBASCUM

110 2252 361 2355 mrgnsrifhliun
389 2261 570 2358 retrosum,
598 2260 684 2359 flore
708 2284 828 2351 aureo,
845 2260 929 2354 folio
953 2257 1129 2358 craffiori„
1142 2255 1184 2331 in
1209 2264 1218 2287 ¹

109 2356 210 2452 Hisi.
230 2373 270 2454 ρ.
291 2359 374 2446 856.
424 2357 514 2431 Haec
539 2357 664 2451 planta
690 2359 797 2433 matri
823 2359 875 2434 est
904 2357 1046 2437 fimilisr
1086 2352 1213 2430 Cau?

111 2456 148 2561 le
173 2453 345 2545 ramoso,
376 2452 526 2528 Florum
551 2453 747 2530 filamentis
780 2456 862 2531 lana
884 2454 1185 2553 purpurascente,

113 2551 341 2644 reliquisque
378 2552 541 2644 partibus
580 2550 897 2647 frudiificationis,
945 2554 1005 2631 sed
1040 2563 1184 2648 patrem
1220 2638 1223 2643 y

110 2648 230 2735 refert
265 2648 546 2762 Magnitudine,
584 2648 805 2764 Caly-cibus,
847 2652 1039 2728 Foliorum
1066 2648 1185 2761 figura
1236 2734 1240 2743 ,

109 2769 198 2951 ss„
214 2746 1183 2940 ‘slltlstlllllrallllllllslhlll‘allah:

112 2942 284 3045 'Omnem
315 2963 404 3034 quas
438 2942 484 3016 dc
519 2942 770 3018 Generatione
803 2944 1010 3020 Plantarum
1044 2942 1188 3039 Hybri-

111 3040 240 3137 ¹darum
278 3039 466 3133 hucusque
505 3039 750 3133 instituimus,
790 3043 1067 3120 observationes
1108 3061 1183 3133 mt-

114 3136 248 3215 niseste
292 3135 511 3228 ostendunt,
548 3137 761 3213 interiorem
805 3141 964 3235 plantam
1008 3141 1069 3216 seu
1106 3139 1183 3212 sru-

115 3234 377 3311 ernestionem
411 3234 558 3310 similem
589 3234 658 3313 esse
695 3238 825 3328 matri,
865 3240 1088 3317 exteriorem
1105 3255 1182 3321 au·

111 3346 188 3418 ,tem
215 3335 377 3428 plantam
410 3331 472 3410 seu
503 3334 640 3412 larvam
668 3336 783 3429 patris
812 3337 949 3410 referre
972 3336 1180 3433 imaginent.

116 3430 205 3509 Vid.
225 3424 367 3529 Differr.
382 3435 419 3506 dt
436 3432 644 3508 Generatione
656 3432 848 3527 Ambigenti.
878 3432 1019 3510 Verum
1036 3432 1183 3527 quidem

115 3527 192 3620 est,
230 3527 331 3620 quod
369 3530 550 3623 pleraque
580 3530 713 3627 plantae
749 3532 911 3624 hybridae
951 3555 1016 3627 per
1047 3530 1183 3606 semina

114 3648 191 3702 non
213 3622 425 3723 'propagent
453 3625 628 3718 speciem:
660 3627 718 3700 sed
752 3629 838 3703 inde
871 3645 1099 3717 tamennon
1130 3626 1181 3702 se·

114 3725 239 3819 quitur
265 3746 393 3800 ornnes
422 3724 595 3817 hybridas
619 3725 688 3801 ess'e
712 3725 864 3804 steriles.
915 3728 1013 3819 Nam
1038 3746 1182 3805 novum

112 3821 204 3899 illud
236 3820 464 3919 Tragopogon,
481 3822 579 3914 quod
602 3821 654 3898 N.
678 3823 729 3897 D.
755 3824 885 3900 Praeses
904 3840 987 3906 arte¹
1005 3824 1182 3924 produxit

112 3920 145 3999 n
183 3920 223 3996 in
260 3916 460 4018 quastione
487 3919 766 4096 Petropomitana
797 3923 1000 4032 descripsit,
1026 3936 1180 4030 quotan-
1212 4024 1215 4029 .

707 4041 726 4115 3
1121 4039 1180 4094 nra
