2602 4716
263 239 571 327 enurnamo
593 238 890 334 nannenus.
1053 266 1105 340 .7

44 425 357 528 ipsamedullaris
380 423 593 513 substantia,
615 445 692 496 non
719 420 906 499 sufficiunt·
922 422 965 497 ad
991 423 1104 497 vitani

53 526 339 608 continuandam
356 523 391 596 dt
407 520 735 614 multiplicandam,
759 522 824 597 nisr
843 535 949 596 antea
965 521 1105 620 polline

53 629 109 702 feu
129 627 300 725 genitura
315 622 422 741 maris
437 619 573 696 fuerint
587 617 803 697 fecundata.

433 834 552 952 ..ς
606 857 650 931 Χ.

67 1038 70 1042 ’
107 1044 110 1049 ·
142 1026 278 1101 Altera
300 1025 555 1139 vegetabilium
580 1047 661 1120 pars
681 1023 918 1100 constitutiva
944 1024 1104 1099 essentia·

56 1126 100 1199 lis
120 1124 172 1199 est
198 1122 393 1198 substantia
420 1121 741 1212 CORTICALIS,
775 1145 854 1215 que
885 1124 1106 1211 nutrimenta

60 1222 224 1310 attrabit,
251 1221 395 1295 succum
412 1220 578 1309 deducit,
602 1219 637 1294 de
656 1221 869 1310 medullam,
896 1242 973 1313 que
994 1221 1106 1293 aliun·

59 1320 102 1393 de
121 1318 308 1392 sustentari
329 1319 476 1411 nequit,
499 1318 563 1391 alit
588 1339 629 1390 ae
653 1318 822 1412 protegit.
875 1317 971 1392 ilinc
997 1318 1107 1408 etjam

59 1416 119 1504 lit,
142 1432 184 1488 ut
208 1417 332 1490 Arbor
350 1416 394 1488 ad
409 1414 647 1510 peripheriam
666 1415 887 1487 circulariter
907 1415 1107 1488 decortica-

60 1528 95 1586 ta
114 1513 215 1608 supra
239 1512 419 1606 ejusmodi
443 1514 625 1623 annulum‘
639 1514 855 1602 emoriatur,
882 1534 963 1585 cum
984 1510 1107 1585 soccus

59 1633 102 1686 ex
115 1609 478 1684 detestosubstantiae
494 1609 642 1683 corticis
662 1607 851 1702 impeditus
867 1610 1017 1682 ulterius
1034 1628 1107 1681 me·

59 1709 158 1781 dnllte
190 1707 414 1780 nutrimenta
445 1728 521 1780 non
555 1705 784 1801 suppeditet3
825 1728 904 1779 cum
931 1706 1038 1802 igitur
1063 1702 1108 1777 ad

58 1808 215 1900 plantam
237 1804 409 1878 biennem
426 1803 671 1905 adtendimus,
694 1803 807 1898 qualis
825 1803 874 1877 est
891 1805 998 1901 Rapa,
1009 1803 1107 1876 Dru·

58 1928 133 1990 ces,
172 1902 371 1993 Festinata,
402 1903 512 1989 Bere,
541 1899 607 1974 dic.
646 1900 810 1974 videmus
839 1901 995 1981 radicem
1029 1901 1107 1992 ejus

58 2003 188 2096 primo·
208 2019 308 2071 anno
340 1997 570 2093 copiosissima
597 1992 750 2071 medulla
779 1998 945 2087 faedam,
969 1997 1026 2071 sed
1046 1995 1108 2068 ubi

59 2097 394 2191 insequenteanno
417 2096 553 2174 caulem
575 2095 735 2168 &flores
758 2095 951 2189 producit,
972 2093 1108 2167 medul·

60 2195 124 2268 lam
141 2215 210 2288 per
227 2192 369 2266 caulem
383 2193 520 2266 extrahi
538 2191 572 2267 dt
590 2193 627 2267 in
645 2188 778 2265 semina
790 2188 1111 2287 frudificatiouum

59 2290 194 2367 effundi
228 2287 484 2381 observamus,
512 2303 554 2364 ut
572 2289 728 2366 maxima
753 2287 897 2365 tandem
925 2289 1036 2384 Rape
1054 2308 1109 2364 n·

58 2389 117 2464 dix
139 2392 263 2461 vacem
287 2384 321 2459 dr
350 2384 493 2481 prorsus
516 2408 608 2461 cava
630 2400 815 2463 remaneat
839 2388 972 2481 absque
1008 2385 1111 2468 omni

56 2486 238 2574 medulla,
263 2483 453 2559 manifesto
480 2482 561 2557 liene
586 2484 747 2575 indicio,
776 2484 874 2577 quod
904 2488 1041 2561 medulla
1071 2508 1111 2562 ea

52 2596 144 2682 parre
163 2581 298 2675 senine
310 2583 435 2678 serina
455 2581 662 2661 constituat.
712 2581 811 2659 ldem
834 2582 979 2658 obtinet
1002 2584 1112 2674 etiam

58 2684 93 2755 in
123 2679 267 2752 Culmis
301 2679 490 2775 gramineis
528 2679 561 2751 &
598 2680 791 2769 tubulosss,
832 2679 920 2754 licet
955 2679 1112 2757 medulla

56 2774 275 2855 fistulosa&
302 2776 467 2850 interiori
495 2776 587 2871 parti
616 2779 814 2850 culmorum
847 2777 941 2868 quast
962 2776 1112 2872 adgluti-

37 2891 142 2951 -nata
163 2873 219 2948 fit.
271 2872 466 2962 Antherae,
487 2887 605 2968 partes
626 2875 825 2968 plantarum
841 2876 1007 2969 masculo,
1033 2895 1112 2964 qun

56 2975 186 3070 pollen
208 2969 401 3044 filamentis
418 2968 486 3044 suis
503 2971 694 3056 insidentes
712 2972 938 3065 producunt,
966 2992 1011 3044 ex
1034 2969 1110 3043 sub·

56 3070 189 3145 stantia
206 3073 351 3142 corticula·
366 3067 540 3164 originem
555 3068 710 3156 habent,
734 3068 830 3159 quod
853 3068 887 3140 in
906 3068 1013 3164 Asara
1030 3088 1123 3160 per·.

57 3189 166 3262 quam
189 3164 340 3236 evidens
359 3164 421 3239 est.
473 3164 630 3239 corticis
652 3187 780 3238 munus
800 3164 850 3239 est
868 3169 985 3239 librum
999 3165 1111 3255 depo·

56 3286 168 3345 nere;
198 3262 292 3334 liber
309 3262 345 3339 iu
362 3261 587 3336 substantiam
606 3268 738 3354 ligneam
754 3263 848 3351 abit,
874 3263 970 3334 unde
988 3262 1110 3333 oriun-

56 3379 116 3435 tur
146 3358 321 3445 stamina,
356 3359 418 3429 ubi
447 3381 537 3431 vero
566 3357 756 3432 substantia
788 3360 862 3432 haec
890 3361 1047 3444 extima,
1073 3357 1111 3435 in

57 3460 189 3533 librum
223 3455 467 3528 reducitur&
493 3455 734 3545 remollescit,
759 3454 906 3568 llamina
930 3455 965 3528 in
994 3456 1113 3548 petala

55 3552 1111 3743 lllllllzlllilnfiliifliilililll

61 3773 101 3823 ac
129 3754 266 3846 lignum
297 3746 370 3837 cll,
396 3747 600 3838 pollinifem
630 3745 776 3820 stamina
808 3746 957 3820 mascula
985 3746 1111 3819 submi-

60 3851 191 3922 nistrat
252 3845 346 3918 Non
377 3842 522 3933 ssrfficit,
548 3861 588 3917 ut
616 3843 805 3917 substantia
835 3845 1036 3919 medullaris
1067 3842 1114 3928 ad

59 3969 151 4022 nova
175 3944 319 4022 semina
343 3941 703 4114 protrudaturknam
727 3941 760 4016 le
787 3941 894 4047 iplam
918 3941 1111 4018 sustentare

641 4063 666 4133 4
1028 4055 1105 4115 non
