2602 4710
327 202 590 298 'MORSURA
623 210 950 300 SERPENTUM.
1098 241 1170 319 ²09

106 415 233 482 menta
262 400 461 489 evincunt,
483 395 672 473 humorem
701 396 808 471 istum·
834 412 881 472 ex
914 392 1082 474 foiliculo
1108 418 1171 476 ex·

107 498 288 598 pressum,
321 498 384 592 qui
420 497 623 591 serpentum
656 495 837 569 humectat
866 496 1056 589 cuspides,
1092 499 1172 571 uni·

111 615 193 676 eum
221 597 291 672 eise
322 606 527 683 venenum,
554 597 652 686 quod
686 592 844 687 punem
872 595 933 667 vel
957 595 1069 671 casim
1097 595 1174 669 ian·
1247 649 1249 654 ·

110 695 214 794 guini
248 694 447 770 admixtum
479 693 555 765 vim
588 691 736 764 exserat.
796 694 850 764 At
875 708 1056 766 uenenum
1085 689 1175 765 illud

112 794 178 871 soli
208 791 358 868 officere
388 791 549 885 sanguini
578 787 799 863 extrinsecus
823 785 1030 879 admotum,
1052 790 1175 866 osten·

114 891 204 967 dunt
219 912 302 964 curn
320 890 484 981 exempla
497 885 644 978 Tozzi,
674 889 735 980 qui
759 888 860 962 virus
882 887 976 961 istud
998 889 1049 961 sat
1061 890 1174 983 large,
1283 910 1287 915 ·

117 1003 151 1065 et
168 986 367 1063 incolumis
389 1000 524 1076 tamen,
543 985 723 1072 exhausit,
754 998 828 1058 tum
855 987 1080 1079 experientia
1096 1006 1177 1058 mo·
1256 1034 1263 1043 -

117 1088 226 1162 nenti
247 1107 324 1160 non
341 1084 515 1172 minoris,
540 1083 633 1170 alia,
657 1082 754 1175 quod
773 1084 938 1156 animalia
958 1082 1092 1178 sagittis
1107 1085 1176 1157 hac
1204 1134 1210 1145 ,

117 1183 209 1260 sanie
227 1181 369 1283 infectis
391 1179 584 1277 transfixa,
610 1180 705 1253 haud
733 1181 839 1254 aliter
863 1200 905 1255 ac
932 1182 1034 1253 cibus
1053 1182 1176 1274 quivis

117 1276 339 1378 puriiiirnus,
357 1277 429 1351 esui
452 1272 520 1352 eise
540 1273 741 1371 potuerint.
794 1280 886 1382 Que
905 1299 987 1352 cum
1016 1277 1067 1352 ita
1092 1279 1176 1371 fint,

118 1378 204 1454 nihil
233 1377 343 1465 nobis
365 1376 583 1469 relinquitur
614 1374 732 1465 aliud,
764 1379 861 1448 unde
882 1375 996 1450 mirus
1019 1375 1083 1450 hio
1114 1397 1178 1449 ex·

116 1476 272 1572 plicetur
302 1488 437 1549 namtas
462 1488 640 1564 eventus,
673 1496 779 1567 quarn
806 1473 1013 1548 immediata
1042 1474 1103 1549 iila
1127 1473 1178 1547 sa·

116 1574 188 1649 niei
227 1572 403 1666 viperinae
436 1592 517 1645 cum
556 1571 725 1664 sanguine
754 1571 992 1661 commixtio,
1017 1571 1051 1646 ἂ
1077 1571 1177 1646 forte

116 1668 372 1758 fermentatio,
400 1691 446 1742 ex
467 1691 550 1762 qua,
569 1691 636 1761 pro
655 1669 787 1743 summa
802 1670 1010 1762 viperarum
1031 1668 1178 1744 diversi·
1252 1674 1255 1679 ’

118 1780 212 1864 tate,
236 1764 379 1840 diversa
400 1789 546 1858 quoque
564 1778 607 1839 ac
624 1764 725 1838 v‘aria
751 1766 915 1851 oriantur
935 1766 1178 1862 symptomata

117 1864 255 1941 necesse
288 1864 360 1952 est,
402 1863 505 1956 cujus
536 1879 677 1951 tamen,
703 1865 801 1957 quod
824 1866 979 1957 ingenue
1005 1866 1176 1956 fatemur,

115 1961 340 2059 specialioris
360 1959 576 2034 diverirtatis
599 1963 761 2035 rationes
787 1961 936 2035 reddere
957 1983 1033 2037 non
1058 1960 1177 2056 posiu-

117 2081 194 2136 mos
215 2073 382 2148 nosmet,
409 2058 614 2132 &anobis
642 2080 689 2132 ne
719 2072 964 2152 extorqueant
989 2061 1073 2154 alii,
1095 2056 1177 2154 jure

118 2156 239 2254 utiquo
255 2156 383 2233 nostro
400 2157 625 2230 contendere
642 2150 742 2250 posse
761 2155 939 2234 videmur.
986 2247 995 2270 Ι

288 2314 588 2392 PUNCTURAE
624 2310 1000 2390 SYMPTOMATA.

207 2437 335 2517 Restat
364 2440 496 2535 igitur,
531 2452 572 2512 ut
600 2437 842 2513 notabiliores
873 2437 936 2512 has
970 2428 1177 2534 serpentum

120 2541 314 2635 satietates
337 2537 535 2633 generatim
555 2536 779 2630 carptimque
800 2535 1060 2613 recenseamus.
1167 2589 1168 2592 a

213 2633 332 2711 BERI
361 2627 475 2709 nostri
508 2633 616 2708 istum
650 2634 818 2706 comitari
848 2628 966 2708 soient
991 2634 1177 2734 sequentia

123 2736 378 2835 symptomatar
421 2731 545 2805 Dolor
585 2730 783 2804 vulnerate
828 2732 996 2826 corporis
1040 2735 1178 2828 pertis,

122 2832 342 3006 *ddisti
371 2829 1176 3019 idtd⁰⁸ntttti3ffltttti⁰d²nsit·

346 2978 360 3014 s
512 2977 525 3013 r
762 2979 774 3012 r
992 2972 1004 3015 t
1161 2967 1176 2989 ·

124 3048 176 3104 rer
203 3046 286 3100 curn
316 3025 475 3119 frigore,
511 3022 634 3097 Pulsus
663 3021 817 3112 debilis,
855 3041 897 3096 sc
932 3023 1082 3098 subinde
1120 3027 1176 3101 in·

126 3125 288 3218 Qualis,
319 3121 427 3215 Sitis,
460 3119 634 3213 Lipyria,
668 3119 786 3192 Sudor
808 3118 982 3213 frigidus,
1019 3121 1176 3196 Lumba·

127 3240 190 3319 go,
214 3219 420 3307 Tormina,
453 3237 535 3290 cum
566 3216 724 3290 Vomitu
757 3215 967 3309 Diarrhoea,
1000 3217 1173 3309 Asthma,

128 3317 360 3401 snxientes,
406 3314 548 3406 Sopor,
571 3332 576 3338 ·
599 3311 907 3409 Convulirones,
932 3335 1082 3409 quarum
1122 3315 1175 3413 pst
1283 3381 1286 3384 ,

128 3436 216 3492 nors
235 3414 365 3490 ultima
385 3413 481 3485 linea
505 3433 636 3485 rerum.

214 3509 597 3603 HAEMORRHOUS
610 3508 718 3582 nobis
739 3506 885 3608 ignotus
895 3509 919 3595 ,⁰
936 3507 988 3581 ita
1004 3531 1025 3583 a
1039 3507 1177 3585 Lucano
1263 3583 1266 3589 .

106 3605 114 3626 ”
128 3610 353 3697 describitur,
382 3623 424 3680 ut
452 3603 598 3701 peresio
628 3605 771 3697 morsu,
799 3629 845 3679 ex
871 3606 971 3698 potis
1002 3629 1068 3702 per
1094 3608 1174 3683 uni·

108 3709 402 3785 uersamcutem
429 3704 594 3800 lingulis,
622 3703 761 3799 sanguis
786 3703 956 3797 profluat.
1088 3764 1091 3770 .

216 3802 412 3894 DlPSAS,
451 3824 531 3874 cum
576 3802 803 3895 precedente
836 3824 904 3874 nos
936 3803 1100 3897 fugiens,
1136 3817 1175 3880 at

125 3905 166 3983 ab
194 3902 328 3978 eodem
352 3903 487 3978 Lucano
515 3900 615 3979 Liba.
632 3900 700 3973 IX.
728 3901 764 3974 dt
791 3904 869 3977 ictio
896 3901 1085 4000 Pharsalico
1114 3905 1174 3974 de—

125 4092 135 4103 ·
174 4003 267 4086 Tam.
284 3999 347 4077 Vs.
651 3994 687 4071 0
1094 3997 1175 4073 scri·
