2602 4716
325 172 633 255 orunuamo
666 171 952 253 lummene.
1115 203 1160 278 15

114 382 146 452 4
168 356 415 435 Medullarem
432 356 656 433 substantiam
673 378 694 429 e
712 368 844 429 trunco
856 354 1060 434 Plantarum
1077 383 1161 440 eva.

156 458 277 547 tueri,
303 452 620 530 fruetificationem
641 472 761 526 earum
778 454 932 545 intrare,
957 480 999 535 ac
1018 455 1162 539 tinde'm

160 557 194 629 io
213 555 368 627 Semina
389 540 618 628 coirtentrari
636 549 671 625 u
688 549 878 648 granulari.

120 773 148 842 ς.
163 749 394 827 ·Genituram
412 745 598 825 masculam
617 745 816 838 plantarum
833 764 852 818 a
869 744 1060 825 substantia
1082 775 1164 835 cor·

158 848 281 939 titali,
314 868 395 920 non
417 858 509 918 vero
531 843 716 919 medullari
734 842 801 916 erle
817 844 1037 938 produelam.

118 1042 417 1122 d'Medullarem
437 1037 474 1112 in
491 1037 684 1134 vegetabili
707 1035 795 1129 suo,
821 1038 859 1113 in
883 1060 1024 1132 ramos,
1047 1066 1164 1122 ramu-

158 1146 235 1227 los,
258 1140 336 1213 &cs
348 1137 396 1211 in
422 1133 602 1215 infinitum
633 1133 785 1231 (ceteris
812 1130 977 1229 paribus>
1006 1143 1166 1222 crescere

152 1238 284 1336 ‚posie3
322 1234 386 1310 sed
410 1254 546 1308 novam
573 1231 715 1326 genesio
744 1232 778 1305 dt
801 1231 1002 1309 disttnstum
1031 1239 1165 1317 indivi-

159 1342 269 1413 duum
285 1354 366 1408 non
384 1329 627 1418 constituere,
648 1329 711 1405 nib
729 1350 861 1407 amare
881 1333 1090 1413 corticalem
1107 1361 1166 1415 ac·

162 1433 325 1530 ceperit,
352 1451 430 1524 quae
446 1428 652 1501 continuari
667 1449 742 1505 ooo
760 1424 901 1532 potest,
924 1431 986 1504 ubi
1011 1434 1168 1515 medulla

161 1524 519 1630 propriaiostmina
538 1524 724 1600 formanda
741 1524 821 1601 erit.
1103 1526 1111 1550 '

207 1722 307 1800 lleic
332 1742 425 1795 vero
446 1734 588 1816 tangam
603 1721 896 1814 experimentum
919 1726 1072 1802 maxime
1098 1752 1167 1806 no-

162 1825 297 1912 tabile,
314 1819 415 1914 quod
431 1819 595 1892 videmus
613 1818 650 1892 iu
670 1821 877 1895 Graminibus
892 1823 1073 1912 Woiporis,
1089 1850 1169 1921 qum

161 1920 397 2000 medullarem
413 1913 639 1991 substantiam
654 1916 823 2012 gennmis
844 1921 983 1993 cortice
1000 1919 1061 1997 suo
1079 1946 1169 2003 coo·

163 2022 310 2095 sinuato
339 2016 539 2110 obtegunt,
569 2012 776 2107 ubisemen
804 2015 942 2109 inipso
973 2025 1169 2113 vegetabili

163 2116 367 2214 germinat,
392 2125 498 2206 atque
515 2109 600 2187 ideo
616 2109 824 2191 staminibus
842 2110 1004 2187 masculis
1024 2138 1098 2192 non
1111 2121 1169 2195 in·

164 2219 281 2312 diget:
317 2207 546 2306 postmodum
566 2228 656 2281 vero
675 2208 911 2305 germinatum
929 2207 1085 2308 decidit,
1106 2238 1169 2291 ve·

164 2315 217 2388 lut
243 2312 407 2399 ramulus
429 2328 511 2381 cum
539 2304 603 2381 suo
626 2306 738 2382 nodo.

119 2529 151 2601 7.
176 2502 423 2580 Substantiam
454 2500 662 2576 corticalem
691 2524 711 2575 a
736 2522 833 2577 mare
864 2503 1051 2578 oriundam
1085 2507 1170 2598 esse,

161 2628 209 2678 ex
239 2602 346 2676 dietis
378 2599 561 2693 speciebus
585 2599 747 2693 hybridis
772 2603 907 2697 clarum
933 2601 994 2679 est.
1048 2608 1172 2708 Quum

160 2705 236 2776 illae
266 2721 338 2792 qua
370 2713 519 2771 externa
539 2697 674 2791 semper
698 2697 814 2788 Patri,
840 2721 909 2792 qua
934 2701 1074 2774 interna
1108 2725 1171 2776 ve·

162 2823 209 2874 ro
228 2795 361 2884 matri,
388 2811 459 2868 tam
483 2796 519 2867 in
541 2794 824 2892 vegetabilibus,
852 2817 955 2888 quam
982 2799 1016 2869 in
1037 2800 1172 2874 anima·

165 2898 264 2970 libus
291 2892 529 2966 assimilantur.
587 2892 623 2962 Si
653 2893 748 2966 enim
780 2897 944 2985 genitura
975 2895 1062 2967 nihil
1084 2920 1172 2989 prae·

166 2995 295 3079 staret,
318 3012 420 3081 quam
442 3006 482 3061 ut
503 2988 867 3086 vivificaretgermen
885 2991 1022 3078 matris,
1044 2994 1172 3070 slmiles

168 3093 318 3166 soboles
356 3087 508 3162 omnino
544 3110 563 3158 a
594 3109 809 3179 quocunque
843 3101 943 3180 patro
976 3107 1173 3183 generante

166 3187 360 3263 existeret:
394 3186 601 3276 jamvero,
628 3202 669 3258 ut
695 3185 871 3277 diximus,
908 3200 1055 3259 externa
1079 3191 1172 3280 patri

166 3287 263 3362 fiunt
294 3284 430 3356 similia.

122 3498 156 3569 8.
183 3477 364 3575 Superest*
379 3491 419 3550 ut
443 3499 463 3550 a
490 3476 713 3571 Physrologis
737 3475 966 3568 exploretur,
994 3478 1077 3570 quid
1099 3502 1176 3555 mas

169 3580 403 3667 contribuat,
446 3588 488 3647 ut
522 3575 604 3649 inde
633 3573 805 3667 quidquid
838 3575 881 3646 ad
916 3575 1060 3651 similem
1091 3601 1175 3673 pro·

172 3683 214 3753 lis
239 3677 412 3772 figuram,
441 3670 542 3761 vasa,
572 3670 707 3744 viscera
728 3676 795 3744 dxc.
822 3673 1043 3764 requiratur,
1069 3676 1176 3747 resol-

172 3794 244 3849 tare
267 3771 395 3868 porum
424 3770 508 3842 Nec
526 3790 601 3844 non
620 3792 688 3860 qua
705 3774 846 3842 ratione
862 3771 1022 3845 Medulla
1039 3772 1176 3846 defera-

172 3872 303 3967 turjladl
319 3871 464 3942 ovaria.

1055 3990 1089 4057 9.
1113 3965 1157 4040 lu
