2602 4716
204 241 473 361 ‘adromeus
503 240 845 365 perurantur.
987 257 1057 343 aaa

120 421 265 518 potest,
303 421 362 496 sed
397 421 565 497 constant
594 443 742 519 gemmae
769 445 811 496 ac
838 424 938 497 bulbi
964 427 1061 498 rudi·

108 524 139 594 is
157 523 355 609 foliorum,
383 534 445 593 aut
462 519 520 594 sex
542 541 720 594 annorum
744 521 858 615 spatio
885 523 921 594 in
946 544 1060 597 ramu-

107 619 257 713 'oliaque
283 617 472 692 succellve
497 621 741 712 explicandis,
766 634 829 692 aut
857 641 931 693 uno
964 643 1062 695 anno

107 740 134 790 n
160 717 368 811 prolaturis.
433 712 723 810 Jucundiilimum
747 717 885 791 interea
910 714 961 790 est
989 718 1063 812 spe·

108 816 182 889 lum
212 816 250 888 in
281 814 429 907 gemmis
457 813 644 906 Hepaticae
676 814 710 886 dt
741 814 961 888 Pedicularis
993 818 1064 891 lair-
1098 827 1104 839 “

114 913 176 987 sub
201 928 296 986 terra
321 912 570 998 latitantibus,
597 912 633 984 in
649 916 800 1006 gemmis
827 914 968 987 fruticis
991 915 1062 988 Da-

107 1035 122 1084 s
145 1008 326 1096 Mezerei,
343 1029 413 1081 nec
433 1030 511 1083 non
530 1010 625 1080 intra
643 1010 741 1083 basrn
761 1007 891 1102 stipitis
910 1008 1062 1087 Osmun·

107 1107 274 1196 ,un’ariae,
300 1103 494 1199 persenam
524 1103 736 1199 conspicere
762 1107 1062 1198 plantam'futuri

106 1257 118 1296 ,
145 1204 316 1280 omnibus
339 1201 409 1276 suis
428 1202 590 1296 partibus
612 1204 827 1291 cruendam,
850 1227 972 1280 annuo
991 1208 1065 1302 spa·

106 1318 283 1394 mtequam
301 1301 465 1395 prodeat.
515 1298 653 1393 Immo:
685 1302 804 1375 Radix
826 1304 944 1376 omnis
967 1307 1066 1399 plan·

109 1401 256 1474 ercnnis
290 1398 384 1472 inira
415 1412 547 1472 terram
576 1397 720 1493 profert
748 1420 923 1496 gemmam
951 1403 1064 1478 futuri

159 1497 270 1592 (Phil.
302 1498 381 1572 bot.
421 1518 456 1589 p.
476 1516 535 1589 37.
581 1488 735 1588 Nzop.)
796 1496 923 1590 Nuper
955 1502 1064 1577 etiam

106 1596 220 1669 *vavit
242 1591 412 1668 Nobiliff.
433 1593 483 1667 D.
502 1592 681 1668 Profeunr
706 1615 726 1668 a
748 1593 867 1669 Linnd
887 1593 1062 1695 (Juninr)
1178 1675 1183 1684 ,

107 1693 189 1768 dice
206 1691 417 1766 Anemones
434 1691 654 1764 dichotomae
675 1698 832 1788 genlrnas
859 1695 1063 1771 alternatim

106 1813 163 1880 as,
191 1811 341 1883 quarum
365 1788 479 1882 prima
506 1790 564 1862 seu
591 1790 746 1863 maxima
771 1792 940 1864 continet
964 1796 1064 1887 plan·

110 1888 224 1963 futuri
249 1885 668 1978 anni1764‚‚secunda,
693 1889 822 1975 tertia,
851 1904 976 1979 quarta
996 1893 1063 1966 dte.
1104 1900 1110 1915 ’

105 2008 201 2080 sque
232 1985 374 2059 demurn
408 1985 589 2057 numerari
618 1982 771 2077 pollent,
798 1983 1063 2064 succedentium

109 2105 190 2158 rum
216 2081 367 2168 herbam
401 2082 604 2173 exemplum
633 2079 713 2153 sane
740 2080 933 2175 singulare,
967 2089 1066 2177 quod

105 2183 215 2256 saalum
251 2177 406 2254 attuliffe
438 2176 607 2266 sufficiat,
650 2178 823 2270 quoniam
853 2176 1001 2275 liguram
1033 2189 1067 2257 dt

105 2280 291 2373 ’iptionem
330 2275 398 2350 suis
434 2274 643 2349 Decadibus
679 2274 834 2350 inserere
875 2278 1067 2357 constituit

105 2376 146 2450 eff.
166 2376 240 2452 Dn.
255 2372 447 2451 inventor.
499 2370 650 2447 Nemini
674 2373 785 2469 igitur
802 2373 991 2470 obscurum
1013 2380 1069 2452 vi.

105 2497 176 2561 :ur‚
212 2475 310 2564 quod
336 2471 567 2564 multiplicari
595 2469 726 2564 poffint
752 2474 969 2567 vegetabilia
996 2477 1068 2553 fru-

104 2595 112 2645 r
136 2571 296 2645 radicum
323 2570 558 2642 &ramorum
582 2584 686 2641 terrae
713 2569 925 2661 commissis,
958 2589 1070 2667 prout

119 2670 327 2754 innuimusa
353 2667 388 2739 id
405 2667 500 2740 enirn
516 2664 609 2738 haud
626 2666 731 2738 aliter
746 2669 935 2759 procedit,
962 2694 1069 2763 quam

104 2768 151 2843 ris
176 2766 411 2860 redintegrari
430 2762 549 2837 solent
571 2760 790 2835 detruncata·
808 2764 880 2838 five
896 2771 1071 2845 mutilate

104 2888 147 2940 es.
192 2864 252 2937 Ad
276 2860 575 2959 propagationem
605 2860 861 2953 vegetabilium
887 2884 962 2937 non
989 2868 1069 2960 plus

106 2963 232 3053 iritur,
267 2981 371 3054 quam
398 2974 438 3032 ut
460 2955 651 3030 substantia
679 2958 883 3031 medullaris
912 2982 931 3032 a
958 2967 1070 3037 corti-

123 3059 307 3135 vestiatur.
369 3055 641 3130 Accedentibus
671 3055 793 3149 itaque
826 3061 1071 3153 vegetationis

106 3143 312 3247 miniculis,
337 3153 476 3228 radices
491 3152 653 3244 ramique
666 3174 784 3226 novas
802 3157 1044 3247 protrudunt¹

109 3257 272 3352 plantas,
302 3267 431 3346 utpote
449 3272 527 3344 quae
547 3249 737 3326 substantia
755 3265 826 3332 tarn
842 3250 976 3328 medul-

231 3353 318 3444 lari,
350 3371 456 3445 quam
480 3346 647 3420 corticali
673 3346 853 3446 constant.

401 3641 672 3828 dlii·
