2602 4716
236 169 241 179 ’
323 211 584 291 morensis
617 209 959 293 euenturum.
1099 242 1169 320 377

105 416 145 481 re
176 393 366 489 impulsam
390 396 486 471 intra
515 393 596 468 suos
621 394 814 471 continere
842 397 965 472 valeat
991 398 1171 492 parietear

105 494 257 571 extimo
280 491 380 569 fibrae
404 494 618 569 medullares
644 510 881 589 rumpuntur,
914 496 1112 592 divergunt
1137 500 1173 573 dt

105 590 237 666 versus
259 593 437 683 corticem
464 612 622 689 gemmae
645 593 892 688 protrudunt,
922 616 993 689 pro
1025 596 1173 673 ratione

105 688 460 777 circumstantiarum
489 690 527 762 in
550 711 671 764 ramos
698 703 761 764 aut
786 691 897 782 flores
924 692 1170 786 explicandas.

106 787 295 871 Portemus
322 809 439 878 vero,
469 786 697 862 substantiam
731 788 943 865 corticalem
977 788 1173 867 deficiente

108 882 221 959 succo
245 886 403 961 nutritio
421 887 577 961 maxime
598 884 667 959 elle
687 885 909 961 debilitatam
932 888 1173 983 &fragilem

108 983 280 1058 medullae
322 998 445 1059 autem
480 984 555 1058 vim
589 985 842 1078 expanfivam,
884 987 987 1060 nullo
1019 1001 1173 1083 urgente

110 1081 259 1171 calore,
297 1104 377 1157 non
406 1082 457 1157 ita
487 1082 694 1174 efficacem,
732 1094 774 1155 ut
798 1081 898 1158 libre
925 1086 1003 1177 ejus
1028 1086 1173 1160 extimae

109 1193 348 1274 rumpantur,
377 1179 459 1254 satis
471 1195 601 1258 ‚tamen
618 1179 751 1254 fortem
773 1201 841 1274 pro
861 1179 1058 1256 reserandis
1074 1183 1173 1259 clau·

108 1276 214 1368 stris,
244 1279 375 1371 quibus
406 1279 641 1364 continetur;
680 1277 760 1352 fieri
804 1293 880 1352 tum
922 1293 1094 1372 oportet,
1132 1294 1175 1359 ut

108 1373 212 1451 fibra
235 1376 450 1449 medullares
468 1390 716 1471 convergunt,
738 1374 771 1448 dt
790 1375 1040 1468 protrudendo
1058 1379 1175 1471 aperi·

109 1487 175 1546 ant
195 1472 425 1546 substantiam
451 1473 622 1562 corticis,
642 1489 751 1566 atque.
769 1473 805 1548 in
824 1473 935 1566 folia,
958 1470 1118 1548 bratteas
1139 1475 1176 1551 dt

109 1573 276 1664 calycem
308 1592 385 1643 eam
417 1583 667 1657 commutent,
701 1571 784 1645 libri
813 1573 969 1647 veroin
995 1572 1175 1649 'corollam

109 1669 180 1742 dte.
231 1667 376 1742 Idcirco
392 1683 506 1763 patet,
518 1691 594 1743 non
612 1691 740 1744 omnes
758 1670 869 1744 lloree
886 1692 907 1744 e
923 1670 1073 1766 gemmis
1088 1692 1174 1766 pro·

110 1767 224 1856 duci,
246 1766 307 1839 vel
335 1765 456 1843 saltem
480 1767 608 1840 licebit
631 1767 851 1860 concipere,
877 1767 1069 1842 medullam
1095 1791 1174 1845 cer·

110 1865 158 1938 tis
179 1863 244 1938 sub
262 1863 540 1938 circumstantiis
565 1866 637 1941 sme
656 1865 792 1961 previa
814 1886 963 1959 gemmae
983 1865 1174 1940 formatio·

111 1984 157 2036 ne
193 1961 248 2041 in.
267 1963 394 2037 florem
434 1985 634 2055 ermupere.
702 1963 808 2034 Nihil
835 1965 932 2039 enim
958 1963 1111 2056 impedit
1133 1979 1177 2043 ut

112 2061 297 2149 dicamur,
323 2063 466 2153 plantes
490 2062 684 2133 nonnullas
703 2060 870 2133 vernales
886 2061 958 2134 hoc
975 2061 1088 2135 modo
1107 2062 1176 2135 flo·
1249 2110 1259 2127 .

112 2157 212 2232 ribus
239 2158 375 2233 ornari.
426 2157 510 2230 Nec
536 2159 641 2230 aliter
671 2157 716 2230 de
745 2156 816 2228 illis
853 2156 1101 2247 sentiendum,
1135 2159 1175 2235 in

113 2256 244 2349 quibua
261 2256 371 2333 flores
389 2277 465 2330 non
490 2277 535 2329 ex
554 2254 620 2329 alis
642 2255 817 2329 soliorum
837 2254 1076 2347 proveniunt.
1114 2255 1176 2332 Sic

114 2355 223 2431 ctiam
255 2352 294 2428 in
328 2353 430 2428 Alno
463 2354 573 2427 flores
607 2352 695 2428 nudi
731 2352 764 2426 dc
797 2352 948 2427 minime
975 2375 996 2426 e
1023 2353 1175 2448 gemmis

114 2466 315 2548 emergunt.
376 2449 478 2533 Num
516 2452 626 2546 igitur
655 2450 822 2527 affirmari
856 2449 1001 2546 potest,
1027 2453 1175 2526 citatio·

114 2571 188 2624 rem
214 2550 380 2624 medullae
407 2551 677 2643 propullionem
695 2549 732 2624 in
749 2549 806 2623 hie
824 2549 978 2625 lloribus
992 2571 1034 2623 ea
1051 2551 1177 2627 omnia

113 2668 187 2722 uno
211 2669 311 2722 anno
334 2647 543 2739 protulille,
569 2670 647 2739 quae
671 2647 731 2720 sex
757 2667 937 2719 annorum
964 2647 1080 2740 spatio
1099 2649 1177 2723 suc·

114 2745 245 2820 cedite
276 2744 550 2840 germinallent,
587 2747 710 2838 planta
744 2764 822 2816 non
861 2743 1046 2817 florento?
1103 2745 1176 2819 Re·

113 2843 300 2938 spondeo:
331 2845 510 2919 Videmus
538 2865 557 2914 a
582 2840 801 2936 posteriori,
829 2841 1020 2915 medullam
1043 2842 1082 2916 in
1102 2843 1177 2919 hoc

112 2940 196 3017 casu
224 2942 363 3015 exitum
393 2940 490 3014 inum
516 2938 731 3033 quaesiville,
749 2937 814 3013 ubi
837 2939 907 3013 flos
930 2941 1176 3032 propullulat‚

110 3039 199 3114 utfl
225 3040 348 3130 planta
371 3060 447 3112 non
473 3039 668 3208 floruero?
695 3035 841 3129 eruptio
867 3050 988 3111 tamen
1010 3036 1179 3112 medulla

110 3140 150 3212 in
184 3157 361 3231 gemmam
389 3137 599 3234 (immutata
642 3137 765 3210 cilicet
790 3134 830 3206 vi
865 3127 1080 3228 expanfiva)
1111 3156 1177 3208 eo-

110 3216 310 3319 destrloco
346 3234 543 3310 uccellario
571 3232 661 3308 facta
690 3230 822 3311 luillet.
878 3232 915 3304 si
941 3253 1032 3305 vero
1057 3231 1178 3311 eidem

111 3353 264 3429 gemmae
281 3332 464 3425 copiosius
489 3330 750 3406 nutrimentum
775 3328 986 3421 acceffiffet,
1011 3352 1078 3422 per
1100 3328 1177 3425 spa·
1236 3400 1239 3405 ,

111 3431 205 3507 tium
236 3431 296 3503 sex
320 3452 500 3504 annornm
526 3429 684 3502 ramulos
710 3449 793 3502 cunr
819 3428 920 3502 foliis
953 3427 1179 3522 gemmisque
1239 3486 1242 3491 .

111 3527 338 3621 protulerat;
365 3527 449 3601 dum
480 3539 610 3600 contra
633 3525 753 3602 omnia
781 3524 889 3599 cellat
919 3517 1108 3619 veg‘etatio
1136 3527 1177 3603 in

112 3627 188 3700 hoe
205 3627 316 3715 loco,
341 3623 570 3700 florescentia
587 3624 742 3720 peralta.
792 3623 878 3698 Una
894 3623 1091 3719 cademque
1108 3623 1177 3721 igi-

112 3739 174 3797 tur
193 3722 366 3811 materia,
392 3722 490 3798 unde
518 3723 629 3800 flores
653 3723 726 3815 jam
743 3719 953 3796 formantur
976 3722 1089 3796 unico
1112 3743 1178 3796 an·

112 3841 166 3896 no
190 3822 380 3919 vigentes,
407 3843 473 3914 per
502 3820 561 3895 sex
589 3841 768 3894 annorum
794 3818 947 3913 spatium
971 3841 1092 3895 ramos
1119 3818 1199 3892 fo,

113 3918 237 4014 linque
262 3919 490 4018 protulisset,
514 3919 538 3996 fi
565 3918 691 4016 plenta
720 3939 803 3999 nen
830 3917 1018 3999 floruerat
1070 3916 1178 3995 Hanc

637 4013 750 4109 llas
1125 4011 1177 4086 ob
