2602 4716
451 208 620 288 sorus
652 208 874 288 cornum.
1120 230 1188 307 us

118 405 207 481 ως
235 402 382 465 certum
415 410 528 481 vero,
562 390 675 467 immo
707 388 953 476 certissimum,
972 385 1053 476 est,
1092 385 1192 482 quod

120 498 258 589 potus,
279 509 500 582 quoeunque
517 503 682 586 tempore
708 488 885 579 sumatur,
918 488 946 602 ἢ.
967 486 1087 563 minus
1121 486 1192 561 rite

124 586 311 761 hirti
332 582 1073 760 hilffllladllltllhllhh
1086 582 1194 775 flii}

128 774 202 881 hro
227 738 352 891 'span
386 740 496 873 ·d.⁶·4.
523 739 674 858 Oilobr.
707 779 998 859 commilitonum
1045 737 1193 855 alieiius

132 880 348 972 micetio,
384 877 471 955 otto
506 880 662 975 cyathos
697 880 905 957 murrhiuos
942 880 1049 974 huius
1080 889 1193 974 potue

105 976 269 1152 w,
291 976 381 1054 iude
399 976 622 1094 fistulentia,
649 979 811 1094 borbory
873 977 927 1069 is,
951 978 1109 1092 rudibus
1137 974 1194 1092 ni·

221 1076 293 1166 lis,
322 1075 533 1166 Anorexra,
558 1076 607 1154 fin
657 1077 722 1152 larr
744 1077 841 1153 ienu
862 1077 983 1151 cordra
999 1079 1194 1151 relaxatio·

136 1196 228 1351 a
236 1175 458 1347 ῦιιιίὶιιῐιιιτςε
479 1173 587 1251 nodie
624 1174 765 1253 nsomui
790 1175 824 1250 de
845 1175 972 1251 sudore
989 1175 1095 1252 acido
1116 1194 1193 1272 gra·

267 1294 422 1348 eoram

203 1378 516 1462 ''TREMORES
557 1407 728 1464 manuum
774 1386 977 1485 capitisque
1022 1381 1196 1460 obtinent

173 1572 176 1577 ¹
220 1504 301 1583 que
333 1482 473 1559 Coffeae
515 1481 651 1561 strenui
694 1486 728 1559 dt
763 1484 969 1581 quotidiani
1002 1493 1193 1582 potatores

151 1576 185 1679 ).
243 1582 346 1659 Tres
383 1583 498 1657 Viros
540 1582 776 1672 illustriores,
822 1605 939 1679 nuper
979 1578 1193 1669 defuniios,

140 1682 389 1770 neminimus,
415 1681 477 1775 qui
504 1680 620 1756 nimio
645 1679 785 1756 Coffeae
812 1694 906 1775 potu
936 1682 1029 1756 adeo
1061 1693 1195 1754 tremu-

139 1778 357 1868 lerasere,
388 1778 519 1852 utrix
545 1776 727 1873 cyathum
754 1778 811 1853 oti
836 1779 1033 1855 admovere
1064 1789 1195 1879 potue5

139 1880 225 1967 rint,
258 1875 424 1952 feliciter
460 1888 580 1951 tamen
613 1878 779 1967 liberati,
809 1896 874 1970 per
895 1877 1036 1972 aliquot
1062 1894 1194 1963 annos,

105 2022 107 2063 e
139 1978 175 2055 rh
204 1978 279 2052 hae
318 1974 476 2069 potione
512 1972 748 2062 abstinend03
794 1972 902 2050 Unus
937 1976 1090 2060 horum,
1131 1971 1196 2068 qui

105 2088 109 2129 ὲ
206 2075 248 2155 ui
292 2070 548 2147 abstinentiam
586 2070 798 2166 persuadere
832 2093 912 2146 non
943 2073 1087 2168 potuit,
1129 2092 1196 2145 ore
1238 2119 1246 2138 .

105 2212 108 2259 ;
217 2191 305 2246 eam
340 2168 483 2257 tenuit,
513 2167 572 2243 sed
600 2169 692 2243 nihil
724 2169 769 2243 de
793 2168 949 2260 lutiens,
983 2168 1006 2245 s
1023 2190 1091 2245 uro
1115 2187 1197 2245 eam

105 2270 107 2309 ²
138 2269 264 2347 deiude
287 2265 415 2341 emilie
465 2265 672 2342 Debilitare
696 2190 863 2347 Coflgeam
886 2266 920 2341 de
943 2267 981 2364 sy
1014 2289 1095 2343 ema
1113 2287 1196 2342 ner·

116 2367 284 2456 -rosum,
323 2362 361 2437 dt
395 2365 602 2454 cerebrum,
647 2377 778 2460 utpote
815 2364 996 2441 exficcans
1027 2364 1061 2439 de
1093 2365 1194 2441 fimul

140 2462 507 2559 empyreumatieu'm,
537 2483 616 2537 non
642 2463 754 2537 modo
779 2483 826 2539 ex
852 2465 1025 2558 qualitate
1050 2462 1194 2554 ustuali,

106 2560 189 2636 ried
220 2583 270 2635 ex
303 2557 409 2634 ditiis
441 2561 681 2650 tremoribus,
708 2559 861 2640 constat.
913 2563 1023 2658 Apud
1052 2582 1196 2658 magna·

140 2674 188 2735 tes
206 2656 383 2747 nostros,
412 2655 681 2751 frequentiores
708 2659 820 2733 hodie
844 2657 913 2734 elle
938 2674 1076 2735 mortes
1103 2659 1196 2736 subi·

137 2769 281 2845 teneas,
318 2755 641 2847 deprehendimus,
684 2777 770 2849 quas
804 2756 1009 2857 Asphyxium
1046 2758 1195 2844 dieunt,

138 2876 202 2947 qua
235 2851 387 2948 plurimi
419 2852 576 2927 Holmie
609 2851 644 2926 dt
676 2852 781 2943 alibi,
820 2854 918 2929 circa
950 2854 1100 2939 solstitia
1130 2855 1198 2969 hy·

137 2954 248 3026 berne
263 2949 444 3042 inprimis,
459 2953 687 3040 occubuere3
707 2973 831 3026 annon
848 2953 989 3049 eulpam
1000 2951 1197 3048 Asphymoe

135 3062 275 3144 epotu
302 3043 442 3121 Coffere
472 3048 638 3122 derivare
670 3049 803 3142 liceat,
832 3050 913 3124 aliis
943 3052 1197 3144 inquirendum

136 3147 330 3241 relinqu03
363 3145 451 3218 mihi
482 3160 582 3219 certe
616 3147 772 3222 alienum
807 3169 886 3224 non
921 3148 1088 3236 videtur,
1125 3152 1198 3223 neo

136 3245 262 3319 alienae
299 3240 381 3317 sunt
409 3240 705 3332 observationes,
737 3266 818 3320 cum
846 3244 991 3339 plurimi
1010 3245 1198 3340 Asphyxia

136 3342 276 3438 erepti,
308 3340 354 3414 de
381 3340 425 3414 iis
448 3341 602 3433 loquor,
630 3363 722 3436 quos
749 3342 945 3434 nouimus,
970 3342 1105 3418 strenui
1130 3364 1199 3439 po<

138 3450 276 3515 utores
297 3438 399 3513 suere
423 3434 574 3514 Coffee.

247 3550 681 3632 ANTIVENEREUM
733 3557 768 3632 dr
814 3556 1028 3634 effeminatas
1083 3551 1198 3648 vulgo

137 3649 291 3814 hahetur
319 3647 460 3725 eoffee
499 3665 632 3748 potus,
669 3654 765 3732 unde
797 3658 908 3751 etjam
938 3666 1049 3754 potus
1078 3646 1199 3836 chiffl,

171 3924 213 4010 9)
244 3857 321 3989 thi
348 3921 476 3986 ndens.
502 3919 642 4001 &nuos
669 3924 762 4007 hujus
798 3937 893 4010 potue
926 3924 1117 4009 Helium
1147 3910 1201 3985 Μ

230 4019 345 4073 ω
361 4018 564 4089 prepropere
582 4002 740 4074 senemr·
765 4006 938 4079 eume.
