2602 4716
292 213 554 292 PROLEPSIS
588 212 928 295 PLANTARUM.
945 224 966 249 '¹
1067 243 1138 320 375

97 391 250 478 &odeat
304 399 465 487 Verum,
496 420 565 472 nec
596 397 763 478 animalia
791 412 875 472 ante
895 410 1029 473 certam
1057 414 1139 475 aetr·

97 523 150 577 tm
169 497 328 594 speciem
344 495 441 570 suam
458 518 658 591 propagare
676 499 822 586 valent3
847 521 888 571 ea
907 497 1020 571 solum
1039 519 1059 570 a
1076 520 1139 572 ve·
1243 543 1248 565 .

97 596 300 672 etabilibus
318 594 374 668 est.
385 592 643 688 discrepantia,
665 595 763 686 quod
782 596 818 669 in
840 597 909 670 illis
928 614 1062 690 organa
1079 617 1138 690 ge·

97 696 209 769 italia
234 715 255 767 a
278 694 392 786 prima
411 693 496 764 vitae
514 692 615 764 arsura
634 692 767 778 adsint3
793 693 830 778 in
848 695 905 768 hia
925 709 1141 769 autemnon

97 789 455 893 nteassprovenianm
483 811 588 883 quam
617 791 1033 882 admultiplicationem
1064 789 1139 885 spe·
1214 790 1218 799 '

97 891 149 963 ici
171 889 346 964 inservire
361 889 510 972 debent.
564 887 713 961 Accidit
729 889 965 964 nihilominus
980 902 1022 962 ut
1038 890 1138 983 plan·

97 1008 145 1078 ι,
165 1008 318 1081 quarum
339 985 472 1060 semina
484 985 520 1059 in
540 985 652 1060 solum
671 985 779 1059 nimia
802 986 978 1083 ingratum
1004 987 1140 1063 cadunt

97 1111 110 1157 e.
129 1106 164 1182 g.
182 1084 221 1158 in
247 1082 382 1159 filiuras
403 1084 603 1170 montium,
627 1083 828 1176 praecocius
845 1085 954 1158 flores
973 1087 1137 1182 gignant,

97 1202 185 1274 pram
218 1184 290 1257 alia
308 1178 477 1276 ‘ejusdem
504 1181 635 1275 speciei
663 1181 873 1270 individua,
898 1183 1027 1275 quibus
1052 1186 1138 1256 ube·

97 1282 154 1354 iot
177 1281 341 1354 alimenti
363 1281 471 1352 suerit
495 1282 616 1372 copia.
665 1279 800 1353 Ramua
820 1279 947 1354 Salicie
966 1281 1013 1354 ab
1032 1283 1138 1355 arbo·

97 1400 117 1450 ι
134 1376 288 1451 succisus
309 1378 400 1475 &lin
419 1392 512 1449 terra
534 1375 672 1450 defixus
689 1379 905 1470 permultos
923 1400 1040 1453 annos
1060 1399 1139 1456 non

97 1475 142 1550 iili
165 1474 257 1548 solla
282 1475 436 1567 profert.
495 1475 677 1578 Quamdiu
709 1491 829 1548 autem
864 1477 923 1550 hic
948 1499 1067 1550 ramur
1099 1477 1138 1555 in

98 1575 210 1647 rbore
235 1572 438 1658 crescebat,
466 1573 662 1665 quotannis
688 1572 799 1646 ilores
823 1572 1049 1668 frustumque
1075 1574 1138 1648 de·

101 1671 142 1743 it
194 1668 306 1744 Ratio
335 1670 373 1743 in
399 1684 546 1764 promtu
573 1669 645 1756 est;
668 1690 788 1745 ramus
805 1673 912 1746 'enim
936 1672 1058 1747 arbori
1074 1671 1137 1747 ad·

99 1788 239 1857 arena,
275 1768 336 1844 cui
360 1770 481 1862 plures
511 1768 712 1842 nutrienda
734 1767 817 1844 sunt
846 1769 1017 1858 frondes,
1058 1792 1136 1848 non

97 1864 373 1940 otuittantam
389 1864 531 1939 haurire
552 1866 712 1940 alimenti
733 1867 900 1960 copiam,
926 1888 967 1940 ac
995 1867 1067 1962 ipse
1097 1870 1135 1943 in

97 1960 343 2037 ertassdcsrxus
371 1962 510 2036 radices
536 1965 678 2059 agendo
703 1964 767 2036 sibi
791 1964 959 2057 acquirit.
1009 1967 1135 2040 llbun·

98 2061 200 2134 antia
214 2060 239 2135 'i
266 2060 338 2136 'ur
370 2062 582 2134 nutrimenti
610 2059 848 2133 florescentia:
871 2061 1135 2154 impedimento

97 2157 147 2249 st,
177 2074 477 2251 &Quidem
502 2173 543 2230 ut
569 2157 592 2231 sr
616 2157 730 2230 bulbo
756 2157 901 2251 Tulipae
932 2157 1135 2252 suppedite-

97 2278 155 2346 ur,
184 2257 222 2329 in
247 2277 321 2348 quo
345 2258 521 2341 corollam
542 2278 623 2328 cum
640 2253 851 2330 staminibus
868 2256 1055 2350 &pistillo
1071 2258 1135 2333 du·

99 2376 158 2428 um
185 2355 377 2428 formatam
403 2353 728 2447 deprehendimus,
758 2354 813 2427 hae
841 2369 962 2447 partes
986 2353 1134 2431 fructifi-

97 2452 236 2526 ationis
259 2452 296 2527 in
324 2474 412 2525 vera
435 2450 643 2526 excrescant
665 2451 767 2529 folia.
818 2452 1014 2528 Neminem
1038 2476 1133 2529 vero

97 2549 263 2639 denda,
291 2550 389 2643 quod
416 2551 537 2642 planta
563 2550 720 2641 parciori
754 2552 980 2626 nutrimento
1020 2555 1132 2642 culta,

98 2667 149 2721 no
168 2669 267 2721 anno
294 2648 416 2721 omnia
433 2668 474 2719 ea
493 2647 674 2739 proferat,
696 2670 776 2738 qua
790 2649 848 2719 sex
862 2669 1039 2723 annorum
1057 2650 1132 2744 spa·

97 2745 128 2816 io
156 2743 349 2819 successive
376 2743 650 2842 gemninalsent3
692 2745 764 2816 hoc
798 2745 918 2834 enim,
952 2761 993 2819 ut
1029 2747 1133 2840 supra

97 2842 282 2933 rnuimus,
302 2865 377 2917 non
396 2843 592 2929 alimento,
613 2840 670 2914 sed
688 2841 850 2913 liberiori
870 2844 1033 2917 medulla
1048 2864 1136 2936 pro-n

98 2940 250 3029 ulfioni,
275 2943 334 3015 cui
358 2940 524 3013 debilitas
545 2939 745 3014 substantia
766 2940 952 3014 corticalia
974 2942 1132 3017 maxime

97 3051 197 3131 tvet,
222 3038 371 3113 adscribi
397 3040 517 3112 debet.

252 3222 255 3229 Ι
470 3133 642 3210 CAPUT
662 3169 667 3189 2
690 3132 737 3206 ΙΙ.

244 3231 302 3307 De
331 3242 453 3329 urigine
479 3239 522 3322 ἐξ
548 3238 724 3403 condictione
751 3258 958 3328 gemmarum.

520 3339 554 3418 t.
614 3333 681 3402 bs.

166 3429 328 3532 Quando
355 3430 424 3503 llos
446 3453 466 3502 e
485 3451 622 3522 gemma
645 3428 892 3519 pronascitur,
919 3431 1055 3504 abeunt
1075 3430 1133 3505 io·

99 3547 342 3620 agemmacea
369 3526 511 3601 secundi
538 3530 621 3602 anni
640 3526 675 3597 in
692 3527 869 3612 bratteas,
886 3527 984 3600 tertii
1004 3529 1040 3601 in
1064 3527 1131 3607 Cass

97 3645 213 3711 reem,
239 3625 354 3717 quarti
383 3624 421 3697 in
447 3625 587 3712 Petala,
617 3623 733 3715 quinti
761 3626 799 3698 in
826 3624 1010 3713 Stamina,
1041 3625 1147 3701 sexti·

97 3745 111 3795 ι
137 3722 324 3797 Pistillum.
390 3722 557 3813 (Dilsert.
583 3723 658 3794 Dni
688 3722 852 3821 Ullmork
874 3723 918 3795 de
937 3719 1133 3818 Prolepsr.)

97 3841 149 3894 am
174 3843 268 3894 vero
294 3818 456 3906 constat,
482 3822 579 3914 quod
599 3820 753 3892 Bratleae
772 3821 805 3892 dt
827 3819 943 3913 Calyx
962 3823 1030 3903 fint
1045 3845 1131 3910 pro·

97 3918 194 3993 enies
223 3918 396 4007 corticis,
420 3919 542 3994 Petala
564 3918 673 4089 libri,
697 3918 860 3995 Stamina
877 3921 990 4016 ligni,
1015 3920 1131 3994 Pillil·
1253 4013 1257 4022 ι

620 4036 640 4089 a
667 4039 691 4109 4
1060 4018 1135 4088 lum
