2602 4716
382 236 561 321 ΜΕΤΑ
594 240 916 361 neiuunnnia
1106 265 1173 341 157

127 426 156 499 k
178 425 398 519 pierumque
414 423 587 499 ‘ostendit
612 406 818 513 effectum,
832 425 916 498 dum
940 424 1047 518 nigro
1069 422 1178 519 tingit

126 538 358 596 excrementa
373 524 514 600 colore.
547 520 649 611 Ilios,
667 542 819 614 quorum
834 523 1057 596 ventriculus
1072 520 1107 594 ie
1123 522 1176 595 in·
1293 548 1299 561 ·

125 619 252 693 tastina
273 620 517 696 cruditatibus
548 619 582 692 n
612 619 742 714 pituita
767 620 906 713 repieta
939 619 1041 708 sunt,
1071 632 1178 693 notet

125 719 244 791 aivum
273 717 410 791 ducere
433 730 605 812 oportet;
640 737 749 809 quum
781 737 872 808 aqua
904 716 1002 805 hnc,
1034 731 1074 788 ut
1095 718 1179 790 lene

125 813 388 907 catharticum,
415 826 499 900 ‚non
522 812 614 887 adeo
640 814 747 889 facile
767 812 864 886 viam
893 816 1099 907 patefacere
1116 832 1177 887 va·

124 912 216 1004 leat,
238 907 305 985 sed
332 911 373 987 in
401 908 533 985 effectu
565 909 799 987 edendosuo
824 910 1050 1007 impediatur.
1100 908 1178 1016 Qui

125 1014 213 1083 re'ro
246 1021 361 1083 antea
392 1030 417 1104 p
550 1008 628 1082 ‘bus
663 1007 734 1099 usi,
777 1011 836 1081 vei
866 1010 973 1101 etjam
1007 1031 1027 1082 a
1061 1006 1178 1082 crudi·

124 1105 262 1181 tatium
286 1106 434 1200 hujnnm
488 1104 633 1179 iliberi
663 1103 765 1195 sunt,
793 1105 864 1178 illie
888 1128 1011 1200 parum
1040 1106 1101 1180 vel
1124 1104 1179 1179 ni·

125 1202 172 1279 ut
203 1202 321 1298 hujua
342 1203 516 1293 remedii,
542 1201 604 1277 sub
630 1202 849 1276 acidularum
878 1202 962 1292 usu,
990 1223 1083 1298 opua
1113 1198 1176 1276 eit.

125 1298 226 1395 Saue
249 1314 400 1392 nmen,
427 1300 468 1375 in
484 1299 594 1374 initio
617 1322 734 1391 curu,
758 1300 912 1387 accidit,
935 1318 977 1374 ut
999 1322 1092 1395 aqua
1113 1298 1181 1373 mi·

122 1394 262 1473 uenalia
284 1418 366 1475 non
394 1397 509 1474 libere
548 1396 621 1473 fine
649 1411 828 1494 purgante
857 1420 878 1470 e
908 1418 1066 1495 corpore
1095 1414 1183 1492 pro·

218 1610 445 1691 Potiffimum
468 1630 560 1686 vero
589 1611 760 1707 expedit,
784 1624 827 1687 ut
854 1633 946 1707 aqna
973 1610 1089 1687 iibere
1116 1624 1183 1711 per

129 1718 257 1789 utum
274 1710 420 1797 effluam
445 1710 531 1785 hinc
555 1709 652 1783 enim
681 1707 821 1805 sanguia
839 1708 997 1797 dilutus,
1020 1726 1128 1785 rente
1147 1711 1184 1786 ὰ

131 1806 247 1885 renea
275 1808 323 1884 ab
350 1828 459 1881 arena
480 1826 663 1899 mutoque
693 1805 857 1901 purgati,
881 1808 1073 1901 pulmonea
1098 1806 1183 1883 alia·

132 1926 199 2003 que
221 1902 428 2001 adiacentia
455 1901 591 1977 viscera
625 1904 670 1975 rb
696 1902 1001 1983 obstrutiionibua
1025 1903 1184 1978 atribue-

131 2023 214 2174 petiz!
223 1999 440 2077 humoribus
462 1999 627 2092 liuenti,
656 1996 769 2073 solida
786 1999 825 2075 in
846 1992 1034 2096 potinum
1053 1998 1186 2081 statum

133 2122 150 2171 r
203 2096 380 2172 tuantur.

232 2217 379 2289 Vomitus
402 2211 583 2287 interdum
609 2211 715 2305 iiior,
749 2208 814 2307 qui
835 2212 966 2307 pituita
988 2211 1186 2291 venotmu

135 2312 322 2404 hborant,
346 2308 386 2386 su
410 2310 577 2399 ervenit,
605 2308 666 2403 qui
696 2324 811 2401 uero,
834 2309 894 2383 diu
925 2324 1001 2382 non
1030 2307 1207 2403 durana,·

136 2406 369 2503 proficooae
462 2405 600 2502 lMagie
640 2404 733 2501 sepo
770 2404 904 2495 efficit,
943 2426 1049 2497 quam
1088 2408 1185 2501 opti·

137 2526 227 2580 mum
253 2503 415 2599 quodvis
435 2503 627 2578 emetieum
653 2502 716 2577 vei
738 2499 986 2577 eatiiartieum.

225 2617 465 2713 loquantum
497 2619 603 2695 Sudor
632 2618 801 2713 prodest,
828 2620 888 2696 vri
925 2642 1023 2705 non,
1048 2640 1094 2693 ex
1123 2640 1187 2695 un·

138 2730 193 2791 tea
221 2714 326 2791 diuis
359 2714 557 2811 colligitur.
620 2713 739 2794 Sudor
768 2716 939 2794 numm
964 2736 1185 2809 promoven·

135 2813 198 2886 dua
224 2811 277 2887 est
295 2813 441 2887 modice
468 2833 603 2905 corpur
629 2812 810 2907 tegendos
836 2812 978 2888 ratione
1003 2812 1098 2888 enim
1126 2815 1186 2888 ha·

137 2911 209 2985 bita
241 2908 389 2983 diverse
426 2910 595 3002 eorporia
631 2907 927 2999 constitutionis,
970 2910 1006 2981 δι
1039 2908 1187 2987 divertio

136 3005 374 3093 valetudinis,
406 3005 519 3080 multa
548 3002 640 3100 supe
675 3027 740 3101 per
766 3006 928 3082 ssrdorem
957 3002 1189 3095 eliminantur

138 3105 245 3198 nan,
282 3102 496 3200 sanguisque
531 3101 757 3199 purificatur.
814 3105 901 3208 Quo
925 3104 1080 3178 veroin
1106 3102 1189 3178 casu

139 3200 418 3292 observandum,
450 3220 499 3277 ne
525 3198 635 3275 nimie
662 3198 740 3275 cito
764 3200 929 3297 exssugas
953 3220 975 3273 e
1005 3200 1123 3291 reno,
1154 3201 1190 3277 ie

139 3297 258 3394 postea
284 3319 373 3373 mox
404 3297 481 3373 a'eri
512 3304 552 3371 ue
583 3292 734 3373 humido
768 3317 954 3393 exponas,
979 3299 1038 3370 sed
1063 3300 1191 3397 potiua

141 3416 324 3492 parumper
352 3394 392 3471 in
419 3388 555 3470 ndibua
582 3412 750 3489 manaae,
783 3394 869 3471 dum
899 3394 1120 3488 aliquantum
1154 3394 1190 3473 se

141 3495 214 3588 pori
239 3492 471 3569 contrahunt.

230 3608 339 3682 Venus
361 3600 528 3697 exoiet,
562 3618 674 3698 quum
702 3598 812 3718 fibrae
855 3600 993 3698 semper
1021 3603 1121 3690 iaxet
1156 3604 1195 3681 te

144 3722 268 3802 eorpus
299 3712 476 3793 enervet,
506 3702 604 3796 quod
630 3716 731 3777 (imni
757 3700 823 3777 suo
840 3713 927 3777 tunc
943 3712 1027 3796 eget
1045 3704 1192 3799 vigore,

143 3800 182 3875 u
217 3794 484 3917 eaeoenenian
532 3816 686 3895 aquam,
725 3796 1032 3897 &reparandum
1060 3797 1194 3876 statum

130 3914 273 4001 ’ω
1112 3996 1192 4082 Pn-
