2602 4716
193 162 301 316 '2⁶⁸'⁸
333 314 350 325 ,,
384 213 386 216 ’
463 225 743 328 uncturus
764 212 1006 307 tronum

310 409 382 482 Sed
420 425 500 482 curn
535 410 580 484 de
604 409 782 508 glandulis
814 411 852 483 in
885 430 1017 505 genere
1054 429 1162 506 agere
1193 427 1268 484 non

210 506 255 593 fit
278 508 384 600 hujus
411 509 542 599 opellae
568 521 837 605 argumentum,
864 506 1158 601 insequentibus
1185 509 1267 599 pau'·

211 625 254 676 ca
281 607 439 700 quadam
471 603 516 677 de
546 604 623 680 istis
651 607 763 683 modo
789 606 987 700 glandulis,
1019 608 1079 678 vel
1104 605 1266 678 dusiibus

210 700 415 776 secretariis
448 723 494 786 ac¹
520 701 695 795 vasculis,
733 705 863 797 quibus
900 702 1014 778 lblum
1052 704 1166 777 flores
1214 702 1263 773 in·

209 798 412 889 struantur,
442 822 599 894 quaequae
630 823 728 876 nunc
754 803 798 875 ab
829 803 998 876 omnibus
1026 815 1182 894 recepto
1202 819 1262 872 uo·

208 898 308 975 mine
333 896 504 972 Neslaria
530 915 734 989 vocantur,
760 901 798 974 in
819 900 976 977 medium
994 897 1164 995 proferre
1179 918 1262 973 cun·

112 1005 120 1022 '
208 994 400 1072 stituimus.
468 1031 515 1041 ¹·
600 1034 604 1044 ·

350 1163 351 1167 ,
486 1091 658 1168 CAPUT
688 1076 992 1168 SECUNDUM.

304 1184 360 1264 Ut
385 1189 543 1267 scientia
568 1191 765 1267 Botanices
801 1193 860 1265 illa
890 1213 993 1286 pars,
1019 1211 1098 1283 quae
1121 1183 1168 1259 de
1190 1180 1256 1256 Ne·

208 1286 328 1364 &ariis
355 1292 450 1384 agit,
484 1291 644 1364 lucretur
677 1292 853 1383 majorem
884 1288 1107 1376 claritatem,
1147 1277 1253 1356 neces·

207 1385 807 1478 sariumomninoest,ut=accurate
827 1385 1252 1474 describanturncogno·

209 1485 349 1573 scantur
373 1491 481 1557 variae
508 1488 545 1559 in
566 1487 676 1558 variis
696 1487 890 1582 generibus
913 1485 1153 1558 netlariorum
1177 1478 1251 1551 stru·

209 1581 338 1673 sturae,
367 1603 440 1676 quo
473 1584 509 1657 in
538 1584 676 1656 calcata
704 1585 766 1656 via
801 1586 870 1657 iter
897 1584 1030 1656 ceratus
1060 1579 1252 1652 instituatur

75 1759 77 1765 ,
208 1679 385 1754 &minus
413 1701 433 1752 a
462 1682 606 1754 tramite
632 1696 783 1755 erretur.
840 1679 1024 1753 Constitui
1057 1678 1166 1771 igitur
1187 1674 1249 1746 Ne·

208 1757 423 1865 nortorum,
447 1792 632 1872 quotquot
648 1779 735 1852 mihi
754 1793 867 1852 notos
883 1779 1054 1862 habeam,
1081 1767 1249 1847 MODOS

207 1897 437 1970 proponere,
474 1881 556 1950 earm
590 1874 685 1949 inter
720 1876 798 1947 illas
833 1889 974 1968 partes,
1010 1896 1089 1966 qnae
1115 1866 1249 1944 frutifi-

55 2061 60 2068 .
208 1974 365 2064 catipnis
390 1973 599 2054 strusluram
617 1972 862 2059 constituant,
884 1987 1006 2046 tantus
1027 1973 1068 2045 srt
1086 1971 1249 2044 netlario·

200 2091 285 2162 rum
302 2070 438 2145 ususin
461 2070 711 2145 construendis
732 2073 949 2166 generibus,
972 2085 1013 2143 ut
1030 2063 1254 2140 determinari·

205 2168 299 2256 nec,
320 2191 501 2260 nunquam
527 2167 678 2241 >felicius
716 2168 932 2262 faciliusque
966 2166 1121 2262 possint,
1159 2183 1250 2259 quan

205 2269 270 2342 ubi
294 2270 441 2360 propn'a
465 2266 578 2340 adsint
600 2265 769 2340 nestoria.
925 2288 927 2293 ·
1089 2279 1091 2284 ’

305 2362 488 2437 MODOS
508 2363 628 2454 itaque
655 2363 841 2438 constituo
856 2361 995 2437 XVIII.
1021 2383 1115 2456 quos
1137 2372 1250 2432 natura

156 2516 161 2531 .
204 2461 244 2537 in
270 2461 481 2535 adornando
497 2460 676 2552 uetlaria,
698 2461 787 2536 milri
807 2461 882 2536 visa
902 2461 954 2536 est
970 2461 1149 2536 formare:
1168 2455 1249 2531 sunt·

207 2581 277 2652 que
302 2559 339 2631 hi
371 2558 571 2649 sequenter.

303 2655 332 2731 Ι.
367 2655 789 2731 RECEPTACULUM
833 2657 989 2750 reliquas
1038 2655 1249 2730 connetlcns

205 2746 496 2832 fructificationis
517 2768 658 2846 partes,
683 2776 902 2850 germenque
919 2754 1103 2844 ambiens,
1130 2754 1166 2826 in
1184 2756 1249 2846 plu·

195 2853 304 2929 ribus
329 2853 481 2925 floribus
510 2853 644 2945 tegitur
675 2852 841 2946 glandula
865 2852 1049 2936 annulari,
1077 2870 1249 2933 connexa,

203 2951 432 3037 succulenta,
455 2947 632 3041 sepissime
653 2950 725 3023 hoc
741 2948 883 3024 neslare
902 2942 1081 3022 madente.
1137 2953 1250 3055 Quare

203 3051 312 3122 etiam
338 3050 518 3121 Pontedera
544 3045 695 3121 nomine
723 3048 942 3138 receptaculi
968 3047 1150 3120 intellexit
1174 3042 1251 3119 illud

202 3144 317 3240 ipsum
349 3143 535 3218 carnosum
570 3144 608 3218 in
645 3144 760 3218 fundo
798 3145 922 3235 floris,
960 3145 1057 3237 quod
1091 3146 1251 3217 melleum

155 3252 158 3257 ’
202 3242 391 3323 exsudaret
411 3242 611 3328 humorem.
661 3241 773 3346 Quod
798 3264 889 3316 vero
915 3241 1118 3316 NeIIarens
1140 3244 1251 3334 liquor

201 3363 279 3414 non
302 3340 438 3430 semper
463 3362 483 3411 e
509 3341 743 3432 receptaculo
772 3339 998 3431 secernatur,
1031 3341 1128 3414 infra
1158 3342 1250 3435 (mu-

202 3437 253 3514 do
272 3433 397 3527 XVI.)
417 3438 660 3511 monebimus.

298 3535 345 3610 ΙΙ.
365 3532 747 3609 CALYCIFLORAS
766 3534 1066 3624 comprehendit,
1096 3556 1173 3626 quo
1192 3540 1266 3609 noi

199 3636 299 3711 roine
332 3634 566 3725 intelligimus
586 3632 812 3717 Senticosas,
838 3633 1034 3714 Pomaceas
1057 3632 1091 3707 ἅ
1113 3633 1252 3726 Drupe·

202 3730 484 3822 ceasr‘erempli
511 3730 598 3801 loco
628 3730 695 3801 sant
724 3731 860 3816 Rulun,
885 3732 1067 3825 Fragarr‘u,
1097 3733 1252 3807 Perenn-

200 3838 253 3918 la,
281 3833 403 3914 Germe,
433 3832 618 3914 Cunarum,
639 3830 785 3922 Spirae,
813 3831 948 3919 Pyrus,
970 3832 1115 3916 Serius,
1140 3830 1252 3912 Renes,

201 3930 360 4016 Pronus,
398 3926 917 4029 quorumqomniunrcalyces
943 3925 1027 4006 suut
1055 3925 1252 4013 trreeolatl,

221 4043 228 4068 r
1106 4030 1111 4079 ζ
1199 4023 1253 4101 in·
