2602 4716
190 217 239 286 24
470 190 678 269 Polluta
714 187 959 268 NATURAE.

191 372 337 447 mittere
360 370 423 445 vel
443 370 528 443 ideo
553 393 689 467 cogor,
717 370 814 463 quod
842 368 1245 463 profundiffimrmlma

177 469 243 559 ,tis
264 466 444 561 abyssum,
469 468 531 541 ubi
552 470 706 543 maxima
729 491 773 541 ex
800 481 901 561 parte
925 464 1157 557 delitescunt,
1183 468 1245 543 ad·

176 620 185 663 :
192 566 352 641 curatius
385 565 598 658 explorandi
626 579 752 659 optata
789 564 959 639 omnibns
994 564 1245 649 desumitur»,

130 716 133 721 Δ
166 663 299 752 cabo.
350 662 409 736 Ad
430 662 568 756 reliqua
595 664 704 759 igitur
730 662 847 736 statim
870 683 1043 756 propero.

288 830 323 902 9.
350 802 536 880 INSECT
538 804 599 903 A,
628 820 762 879 natura
789 804 825 879 in
860 806 1065 879 continenti
1092 805 1246 884 ministri

180 896 444 997 ‘'copiosissimi,
489 925 567 998 quas
608 924 761 1005 nurnero
805 904 1001 997 specierum
1040 926 1120 979 cuns
1160 906 1246 1001 ipfis

192 1003 328 1103 plantis
371 1014 510 1075 certare
553 1000 745 1089 uidentur,
816 998 915 1073 riscis
950 1002 1114 1077 sitatibus
1149 1006 1246 1077 adeo

184 1102 297 1178 'fuere
331 1110 517 1173 contemta
548 1097 583 1170 tr
619 1096 722 1173 nihili
758 1023 947 1189 oximam,
976 1111 1017 1172 ut
1048 1099 1246 1196 inponis,

192 1210 428 1295 peccatorum
456 1195 574 1269 labem
598 1194 849 1289 sequentibus,
884 1210 1118 1289 ponerentur.
1167 1198 1248 1273 Ne·

195 1317 267 1389 que
300 1296 397 1369 enim
429 1293 618 1388 percipere
656 1306 875 1387 potuerunt,
914 1314 977 1367 cur
1006 1294 1082 1368 lsaec
1109 1294 1247 1371 DEUS

193 1392 235 1467 in
271 1392 362 1465 orbe
392 1391 518 1465 nostro
552 1390 773 1485 produxerit.
836 1390 946 1465 Unde
981 1392 1090 1465 etiam
1123 1404 1247 1468 tantus

186 1490 326 1567 'horum
351 1490 646 1563 animalculorum
671 1487 741 1561 fuit
762 1486 965 1583 negletius,
996 1487 1061 1561 vix
1082 1504 1124 1563 ut
1150 1492 1265 1569 ullus..

194 1588 321 1661 eadem
345 1587 468 1660 rimari
491 1586 673 1659 curaverit
698 1599 781 1658 ante
807 1584 927 1659 nostra
950 1598 1137 1681 tempora,
1167 1587 1248 1681 qui·

194 1686 285 1776 bus,
316 1685 354 1759 in
382 1683 437 1756 bis
458 1695 624 1777 qnoque,
646 1684 801 1757 maxima
828 1680 1012 1758 Creatoris
1040 1686 1248 1761 aeconomia

195 1780 309 1877 coepit
330 1780 568 1865 innotescere.

189 1917 196 2011 ζ
298 1940 355 1994 10.
384 1916 442 1991 Ex
473 1916 527 1989 his
561 1922 660 1988 cesta
684 1914 785 2004 sunt,
816 1936 895 2007 qun
927 1925 1065 1991 tanturn
1099 1930 1247 2014 vegeta·

190 2015 331 2107 ,bilibus
359 2014 562 2103 adbaerent,
592 2032 704 2103 eaque
737 2012 912 2101 maxime,
941 2013 1110 2105 quamdiu
1137 2016 1248 2091 larvae

195 2114 298 2200 sunt,
322 2111 559 2201 consumunt,
582 2125 624 2181 ut
640 2109 845 2204 Paptuones,
864 2111 1046 2198 Phaloria,
1064 2114 1245 2207 Chrysoun·

139 2244 145 2255 ·
194 2219 258 2299 lo,
283 2212 526 2297 Tenthredines,
540 2210 756 2280 'Curculiones
767 2259 780 2293 ,
799 2207 948 2297 Melo’e’s,
961 2206 1120 2303 Aphidas,
1140 2212 1245 2297 Cocci,

142 2336 149 2351 ¹
198 2313 333 2404 Grylli,
367 2310 512 2392 Cicada,
545 2302 612 2376 dcc.
655 2302 689 2375 tr
721 2302 782 2375 vix
820 2304 927 2377 ullam
960 2304 1127 2379 invenire
1158 2306 1247 2383 licet

196 2408 378 2501 plantam,
404 2403 460 2475 his
489 2399 802 2513 nonexposstam.
852 2399 923 2472 Sed
948 2400 1046 2494 haec,
1075 2424 1162 2517 non·
1179 2405 1246 2479 mi·

191 2525 278 2677 Jsltussst
290 2498 638 2688 qclbltllbcgtefftsstlrlsld
650 2495 1247 2689 ’ἱηὲᾞῗῑίξῃεῗιᾳειιιιξρῗῗεεέἱδοέἐέᾟῗηῗ

194 2700 275 2795 dorq
309 2692 510 2787 infestorum
576 2688 870 2786 Unumquodque
921 2692 1017 2768 suam
1062 2697 1246 2791 precipue
1263 2710 1282 2767 t

143 2848 147 2855 -
195 2796 355 2891 plantam
388 2792 498 2867 habet
530 2790 744 2879 curandam,
784 2812 862 2883 quae
891 2790 955 2865 nbi
991 2812 1068 2867 oon
1105 2791 1246 2885 sufficit,

195 2893 284 2965 alias
320 2888 481 2964 obtinuit
514 2888 731 2973 nonnullas,
774 2887 903 2977 quibus
944 2887 1148 2965 neceffitate
1186 2890 1246 2966 ad·

197 2986 294 3077 aila,
321 2985 434 3060 vitam
467 3006 508 3057 ac
532 2982 685 3077 speciem
706 2984 917 3075 conservet,
938 2985 1058 3061 donec
1081 2986 1247 3063 determi-

194 3100 281 3161 nata
308 3084 368 3157 illa
395 3081 637 3171 succreverit,
662 3102 695 3154 e.
724 3102 758 3175 g.
786 3083 937 3173 Rombpci
959 3084 1080 3157 datum
1106 3085 1178 3173 est,
1205 3100 1248 3161 ut

194 3182 287 3275 solia
313 3180 410 3257 Mori
428 3177 618 3271 comedat,
638 3177 695 3252 his
720 3200 811 3251 vero
831 3180 924 3273 justa
939 3181 1048 3274 copia
1064 3203 1140 3256 non
1152 3206 1248 3275 prae·

194 3280 379 3366 sentibus,
416 3276 580 3359 Lailucae
610 3276 920 3353 &nonnullarum
950 3278 1118 3352 arborum
1146 3281 1248 3354 foliis

193 3377 310 3450 'vitam
343 3375 487 3467 quidem
519 3371 695 3463 traducit,
725 3372 783 3455 sed
813 3376 932 3450 minus
966 3377 1180 3465 commode;
1209 3378 1248 3452 id

195 3473 297 3567 quod
325 3473 445 3545 minor
470 3472 547 3563 eius
569 3469 691 3557 nitor,
714 3472 852 3561 moles,
877 3474 1077 3563 vivacitas,
1103 3474 1137 3548 dt
1163 3474 1247 3548 seri·

194 3570 230 3661 ci
263 3566 457 3663 fragilioris
487 3566 671 3663 quantitas
704 3565 879 3643 diminuta
916 3570 1074 3644 testatur.
1140 3572 1247 3647 Non·

194 3667 304 3745 nullis
328 3679 502 3758 preterea
529 3664 668 3738 insetiis
691 3664 805 3754 solia,
833 3669 910 3741 aliis
932 3670 1063 3760 flores,
1091 3671 1247 3762 pericar-

192 3766 257 3860 pia
281 3764 313 3837 dt
334 3762 467 3837 semina
494 3762 595 3849 aliis,
625 3761 786 3835 alimenti
813 3768 922 3851 loco,
948 3767 1027 3840 sunt
1059 3766 1246 3840 destinata.

194 3860 255 3937 Sic
274 3862 415 3957 Papilio
436 3858 593 3937 Brallicae
606 3858 694 3953 folia
707 3860 876 3961 Brafficae,
907 3860 1120 3940 Tenthredo
1140 3864 1249 3937 Scro-

1156 3964 1248 4058 phu·
