2602 4716
360 154 573 289 nouum
604 204 845 321 Quassua.
1063 240 1137 328 4¹9

81 415 154 468 :am
183 391 328 487 quidem
354 392 447 466 tanti
474 394 634 466 nominis
661 392 880 468 arbusculam
911 394 947 468 in
976 393 1053 471 suar
1080 414 1137 470 re·
1226 383 1233 392 ’

81 495 208 589 gienes
244 491 494 573 inferendam,
533 491 655 582 ibique
690 493 944 585 plantandam,
985 515 1136 566 curave·

81 592 173 684 rint,
206 589 269 662 ubi
297 603 417 662 tamen
444 589 536 661 adeo
559 590 666 663 facile
692 587 894 683 cresceret,
917 606 1029 686 atque
1048 589 1135 683 ube,

81 687 246 763 iverbis
264 686 365 779 ioqui
388 686 498 759 liceat
519 693 659 781 poeta:
789 783 791 786 Ι

171 828 189 875 .·
235 825 505 845 ·····
518 798 525 813 '
554 829 569 842 -
620 787 756 859 Natura
772 788 871 860 iratis

177 885 337 964 Ormiius
352 878 412 979 effe
426 886 532 969 dedit,
555 883 589 976 st
603 890 675 978 quis
692 891 872 975 cognoverit
890 889 951 958 uri.

174 983 313 1054 Verum
346 983 570 1057 mentionem
612 980 824 1055 Chinchiuae
857 981 905 1058 iic
940 977 1133 1075 faciendo,

81 1079 331 1161 medicamenti
363 1078 466 1168 sane,
508 1078 606 1170 quod
638 1079 677 1151 in
705 1077 864 1152 Materia
893 1078 1033 1151 medica
1063 1079 1136 1171 pri.-

81 1198 175 1254 mum
207 1175 340 1250 merito
376 1175 440 1249 sibi
470 1176 635 1250 vindicet
664 1177 805 1267 iocum,
844 1177 1002 1251 animum
1034 1175 1135 1254 simui

81 1277 113 1352 in
132 1275 171 1348 id
193 1272 369 1364 intendo,
395 1285 435 1347 ut
454 1273 678 1346 Benevoium
703 1272 893 1347 Leiiorem
910 1273 1067 1348 excitem
1089 1267 1143 1363 ed'

81 1373 374 1448 considerandum
400 1372 496 1444 aliud
522 1372 700 1462 quoddam
730 1370 984 1456 Pharmacum,
1011 1372 1133 1465 quod,

81 1470 296 1563 nequidem
312 1469 455 1565 judice,
481 1468 719 1543 Chinchinam
733 1469 842 1564 longe
859 1468 1012 1562 superat
1056 1469 1135 1546 An·

81 1584 224 1663 tequam
251 1581 371 1641 autem
403 1565 682 1660 descriptionem
708 1568 786 1659 ejus
817 1567 1043 1660 virtutesque
1072 1568 1134 1643 de·

81 1666 189 1752 dero,
217 1666 333 1737 verbo
347 1663 512 1749 indicare
533 1665 661 1751 decet,
684 1662 835 1738 summas
855 1662 977 1737 deberi
999 1666 1133 1758 gratier

81 1761 310 1839 Nobilisiimo
329 1761 418 1836 Du.
449 1759 657 1835 CAROLO
692 1759 940 1838 GUSTAVO
971 1759 1135 1840 DAHL·

81 1861 236 1951 BERG,
274 1859 429 1935 miiitum
466 1858 688 1933 Protribuno
717 1859 864 1932 virtutis
899 1859 1015 1954 gloria
1043 1883 1133 1954 prae·

81 1958 187 2075 igni,
215 1959 318 2050 cujm
339 1955 534 2048 industria,
568 1954 759 2049 studioque
780 1958 833 2028 rei
858 1953 996 2049 semper
1024 1956 1133 2033 inser·

81 2056 204 2151 prendi
231 2056 406 2147 publica,
440 2076 578 2146 novom
605 2055 677 2127 hoc
696 2050 999 2137 medicamentum
1022 2056 1132 2129 nobie

81 2152 261 2240 innotuit,
287 2155 462 2245 cariusque
492 2173 578 2225 cura
598 2152 696 2226 simul
715 2150 762 2224 ab
785 2148 890 2228 India
911 2151 1133 2228 occidentali

81 2268 207 2335 arnor
227 2251 438 2325 translatum
455 2247 518 2325 est.

506 2415 622 2502 CAP.
651 2415 701 2502 11.

174 2546 424 2637 Surinamum,
453 2547 647 2642 provincia
665 2546 875 2635 Americer,
898 2547 942 2622 ad
970 2547 1130 2625 latitudi-

81 2646 253 2723 uitricum
289 2645 409 2718 versus
446 2643 739 2738 Septentrionem
774 2645 943 2736 gradum,
993 2647 1130 2723 ditioni

81 2747 264 2841 belgarum
297 2741 457 2835 adjeiia,
495 2743 612 2837 Regio
647 2740 870 2815 amoenissrma
897 2741 969 2832 est,
1004 2743 1130 2841 &per

81 2839 387 2935 'requenriffimam
423 2839 562 2915 coneo
586 2838 806 2931 aliarumque
828 2840 1029 2932 plantarutn
1056 2846 1131 2920 cul·
1172 2876 1182 2892 ··

80 2960 195 3015 arram
226 2937 308 3011 satir
327 2950 437 3027 nota,
473 2952 509 3010 at
536 2937 613 3010 solo
636 2937 743 3014 vaide
771 2935 919 3009 humido
946 2938 1129 3018 taboram.

81 3035 267 3132 {jusmodi
294 3037 390 3110 *loca
425 3034 566 3109 sanitati
601 3031 793 3136 admodum
828 3032 1016 3127 officiunt,
1061 3059 1134 3132 que

81 3137 119 3210 ie
150 3156 193 3209 re
216 3133 377 3230 Belgium
412 3132 644 3220 foderatam,
679 3132 716 3205 in
736 3130 915 3228 Europa,
949 3155 1020 3212 noa
1048 3136 1131 3211 satie

81 3232 230 3308 evincit
299 3230 341 3306 in
365 3230 478 3305 indiis
498 3247 615 3303 autem
641 3243 746 3304 tanto
768 3233 941 3320 majorem
969 3232 1049 3305 taiir
1080 3235 1131 3309 se·

81 3334 139 3407 ica
165 3350 298 3404 noxam
326 3329 458 3417 insert,
492 3346 629 3420 quanto
654 3328 755 3400 calor
776 3327 827 3400 ibi
848 3326 1010 3402 fervidus
1033 3329 1132 3407 Solia

81 3432 160 3524 plur
192 3425 394 3521 putredinis
424 3427 582 3518 excitat,
621 3423 760 3499 foetoris
793 3425 873 3519 plus
912 3440 1021 3518 atque
1057 3451 1132 3504 me·

81 3525 212 3621 phiris,
243 3546 343 3618 que,
380 3527 481 3619 poris
505 3522 673 3616 corporis
699 3522 855 3616 apertis,
888 3523 996 3598 facile
1022 3542 1132 3602 attra-

81 3627 235 3712 buntur,
279 3622 549 3714 horrendasque
586 3620 787 3695 incendunt
819 3619 952 3696 febres.
1023 3623 1162 3699 Certe.

81 3719 255 3795 testantur
282 3719 407 3794 omnia
438 3719 515 3796 fere
544 3717 752 3807 itineraria,
788 3715 1013 3796 Surinamum
1046 3723 1134 3798 huie

81 3817 319 3892 incommodo
344 3818 508 3911 inprimis
535 3816 737 3890 obnoxium
761 3814 852 3905 csse,
882 3818 974 3891 adeo
998 3834 1039 3895 ut
1067 3821 1133 3894 vix
1266 3861 1269 3866 »

81 3915 186 3993 tertia
209 3937 294 4015 para
321 3915 564 4004 advenarum,
583 3912 769 4086 13⁰2ng
799 3916 1136 4088 appelluntr'e'ddii‘

1119 4062 1134 4107 θ
