2602 4716
346 242 835 335 rotmannum.
1064 278 1110 357 19

53 434 159 509 citare
182 426 359 503 conabor
378 426 422 502 ad
440 438 709 525 argumentum,
737 442 781 501 ut
803 448 872 525 ego
890 428 1032 523 quidem
1056 456 1111 509 ar·

55 531 185 619 bitror,
217 526 431 599 attentione
451 526 609 601 hominis
634 526 744 621 longe
768 526 1024 621 diguiffimum‚
1055 548 1112 607 ut·

54 644 133 724 pote
158 625 229 719 qui
252 622 302 697 ad
323 620 477 697 infinita
495 622 676 717 sapientie
694 622 880 713 instituta,
905 628 1112 707 maximam·

55 748 117 818 quc
137 722 339 797 creatoris
368 722 644 795 venerationem
679 720 718 793 in
749 736 872 795 mente
895 726 1112 823 excitatura,

54 824 110 917 pie
131 817 402 897 confiderunda
422 818 460 892 in
481 820 553 892 hoc
573 820 663 891 orbe
684 816 736 891 est
756 822 972 901 collocatur.

314 948 542 1025 REGNUM
572 946 856 1025 LAPIDEUM.

144 1088 182 1143 1.
218 1060 409 1139 Struliura
444 1059 547 1155 regni
587 1058 814 1151 LAPIDEI,
858 1058 956 1155 quod
994 1062 1114 1157 super·

55 1164 170 1241 ficiem
209 1160 355 1235 telluris
383 1156 514 1233 nostrae
538 1156 749 1247 constituit,
780 1160 942 1235 omnium
969 1162 1115 1252 quidem

59 1264 170 1359 primo
199 1256 392 1343 occurrit;
421 1253 480 1329 sed
508 1276 590 1329 cum
619 1252 779 1351 augusti,
804 1256 934 1351 quibua
960 1260 1114 1335 circum.

59 1360 213 1450 scribor,
251 1356 388 1429 limites
420 1352 656 1428 dicendorum
696 1352 841 1448 copiam
876 1375 953 1431 nou
989 1354 1114 1431 admit·

59 1472 153 1547 tant,
185 1452 295 1543 aliis,
323 1454 385 1547 qui
416 1450 511 1525 hauc
541 1450 607 1525 sibi
637 1452 751 1549 magia
781 1471 849 1547 pro
876 1451 965 1527 riam
992 1452 1115 1529 secere

60 1578 200 1645 curam,
237 1552 370 1626 lubens
398 1546 493 1623 illud
528 1546 721 1641 relinquo,
755 1546 791 1623 ἀ
859 1550 1008 1625 ellurcm
1038 1566 1115 1627 taa-

60 1650 249 1727 tummodo
278 1644 462 1737 nostram,
495 1656 665 1739 tanquam
696 1642 868 1739 insulam,
895 1650 1021 1723 Oceano
1045 1649 1115 1723 cir-

11 1778 13 1823 :
64 1748 280 1837 eumorfam,
302 1742 470 1841 Alpibus,
498 1746 664 1833 Collibus,
693 1746 843 1841 Cmnpis,
865 1748 1028 1835 Vullrlus,
1046 1748 1115 1823 Pu·

63 1852 185 1921 lusibus
208 1844 293 1931 &c3
318 1842 403 1916 hinc
425 1840 509 1915 inde
526 1838 703 1931 duliam,
729 1840 861 1925 Hruuu,
887 1844 1022 1931 Areua,
1043 1844 1117 1919 Ar·

11 2022 14 2034 ,
60 1950 154 2038 gilla,
187 1948 292 2019 Creta
315 1936 579 2027 convestitam,
606 1939 715 2033 inque
738 1940 1026 2033 sasimensium,
1052 1944 1117 2017 Po·

64 2050 103 2115 las
127 2040 316 2137 frigidos,
339 2036 373 2109 st
396 2036 453 2109 his
476 2034 680 2129 interjeltaa
712 2036 881 2133 regiones
915 2038 1117 2135 'l'eupcratar

68 2138 210 2215 iuisam
237 2134 419 2233 speltabo.
903 2198 906 2207 .

294 2251 521 2327 REGNUM
559 2248 898 2325 VEGETABILE.

154 2390 193 2443 2.
239 2360 616 2451 VEGss'saulmA,
663 2364 701 2437 in
741 2364 854 2457 globo
901 2378 1117 2461 terraqueo‚

61 2464 252 2561 speciebus
282 2460 364 2533 sunt
395 2460 471 2533 sere
504 2460 712 2533 innumera:
745 2462 856 2533 multa
878 2461 1120 2541 innotuerunt

60 2564 194 2647 nobis,
232 2559 348 2633 multa
384 2556 536 2649 posteris
566 2572 707 2649 tempus
741 2558 885 2629 videtur
915 2560 1120 2642 reservasse.-

62 2660 256 2763 Quaelibet
281 2656 403 2749 planta
428 2670 645 2747 propagatur
670 2654 1020 2749 &proventuum
1046 2684 1118 2731 rna·

61 2772 139 2846 tre,
171 2756 253 2841 buc
277 2774 299 2826 a
321 2752 402 2841 sua,
428 2750 473 2823 ab
495 2754 575 2844 ipsrs
600 2773 713 2844 usque
743 2753 865 2825 mundi
896 2758 1125 2849 primordiis,-

63 2854 158 2927 adeo
187 2864 240 2924 ut·
260 2849 402 2943 ungule
432 2850 486 2921 har
514 2848 659 2922 samiliae
688 2872 764 2925 nou
794 2850 882 2939 sant,
908 2853 971 2925 uisa
995 2858 1123 2947 primo

64 2952 244 3045 cuiusque
276 2946 410 3020 Planta
441 2946 684 3020 continuatio.
742 2948 779 3019 Si
803 2968 895 3020 vero
919 2952 1127 3043 cogitamur·

65 3064 126 3123 tot
157 3045 361 3141 specierum
390 3042 528 3131 millia,
557 3042 594 3117 in
623 3065 693 3117 una
725 3057 819 3118 terra
842 3046 939 3121 unu
963 3048 1123 3123 crescen-

66 3148 141 3235 tia,
172 3156 298 3237 patet,
323 3162 432 3215 unam
452 3140 559 3214 facile
577 3142 795 3235 prevalere,
817 3142 850 3213 st
874 3146 1020 3219 alteram
1045 3146 1122 3239 sup·

65 3242 179 3339 primi
209 3240 247 3314 δι
278 3237 466 3332 exstirpari
496 3236 619 3331 posse,
659 3240 722 3313 nisr
761 3239 952 3329 instituto,
990 3241 1131 3319 finibus·

70 3337 262 3415 creatoris
282 3336 553 3424 conveniente,
576 3334 887 3411 conservarentur.
939 3338 994 3411 En
1015 3342 1050 3413 iu
1067 3342 1132 3415 hir·

71 3458 220 3532 quoque
242 3432 432 3509 manifesta
452 3432 555 3527 digiti
579 3434 694 3507 divini
714 3434 925 3527 specimina!
978 3436 1134 3515 Etenim·

71 3538 184 3611 aurita
211 3530 634 3628 vegetabiliummillia,
659 3530 697 3605 in
722 3532 868 3605 diversus
895 3535 1018 3608 mundi
1051 3536 1125 3630 pla-

76 3634 127 3729 gis
150 3630 307 3727 hospitia
329 3628 592 3720 obtinuerunt,
620 3642 662 3701 ut
685 3630 754 3701 alia
776 3630 813 3703 in
836 3632 963 3719 Iuliis,
988 3634 1058 3705 alia
1086 3636 1126 3711 in

84 3731 301 3829 scrupulus,
339 3728 410 3799 alia
440 3726 479 3797 in
509 3723 664 3819 Alpibus
695 3726 729 3799 st
755 3728 799 3799 ad
827 3730 923 3801 Polus
952 3730 1124 3809 crescant.

77 3828 166 3901 Haec
182 3826 344 3923 lingula,
377 3822 474 3916 quod
491 3820 534 3895 ad
554 3822 631 3897 liras
651 3822 847 3914 stationes,
870 3826 1006 3900 diversa
1033 3829 1126 3921 sunt,

79 3926 147 4001 alia
160 3923 498 4017 inmaturum,
510 3922 685 4092 miciglis
695 3974 706 4009 ‚
724 3924 866 3999 uallibus
876 3976 887 4013 ,
905 3932 1021 4023 corpis
1034 3980 1044 4009 ‚
1057 3932 1127 4093 brol·

19 4086 23 4097 .
660 4040 680 4093 2
1030 4026 1056 4096 li
1077 4046 1128 4113 ur,
