2602 4716
253 224 514 304 enonnrsrs
551 225 899 305 erumnarum
1023 246 1101 330 ³³31,

101 415 252 494 entum,
272 403 370 496 quod
386 404 482 499 spica
504 404 669 497 constat,
705 375 809 502 cuju⁸s
839 407 1012 501 squame,
1043 429 1102 482 ca·

101 525 165 592 es,
207 503 358 577 brasiee
394 519 457 577 aut
490 504 581 576 folia
621 506 762 580 floralia
799 503 881 580 sunt
917 529 1030 600 parva
1067 505 1103 579 dr

101 604 220 676 iorum
261 599 441 675 strusiurae
476 600 650 676 dissimilia
686 601 858 677 evadunt.
903 603 940 677 Si
977 605 1012 679 in
1045 604 1102 680 hia

101 699 201 773 entis
234 693 364 775 inseiia
394 714 533 773 mature
573 700 767 780 interiores
803 715 924 792 partes
955 700 1102 776 frusiis·

101 798 205 872 ionis
247 792 521 886 consumerent,
553 798 765 872 excrescunt
794 798 849 872 he
879 800 1029 892 squamoe
1065 801 1104 874 in

101 897 135 971 ia
170 895 333 983 floralia,
365 895 548 973 consuetis
582 896 683 970 soliis
706 896 852 983 similia,
887 897 983 972 unde
1017 899 1104 992 Rosa

115 991 213 1067 dieu
236 996 381 1068 Solicinu
409 993 545 1070 evadit.
596 992 640 1068 ln
665 995 756 1070 Pinu
781 993 919 1082 Abiere,
957 994 1104 1087 quando

101 1091 220 1186 spurei
257 1087 334 1181 ejus
367 1091 478 1165 flores
510 1091 656 1167 feminei
687 1091 935 1185 proveniunt,
963 1094 988 1168 fi
1016 1108 1111 1185 tunc

101 1211 126 1265 u
179 1187 311 1283 pistilla
354 1187 601 1279 destruantur,
640 1187 736 1263 fiunt
778 1211 969 1284 purpureo
1006 1193 1104 1284 spua-

101 1310 112 1360 e
132 1285 294 1376 virides,
321 1286 567 1382 angustiores,
589 1287 623 1361 u
645 1302 809 1361 naturam
826 1285 1030 1381 faciemque
1049 1288 1103 1361 fo·

101 1405 181 1457 rom
208 1382 404 1474 assumunt,
433 1383 532 1478 quod
564 1383 839 1459 luculentissimo
866 1384 916 1458 est
940 1386 1104 1476 indicio,-

101 1504 111 1557 ς
138 1480 301 1574 squamas
334 1482 374 1557 in
397 1481 461 1556 suo
487 1482 690 1575 primordio
715 1482 815 1556 soliis
838 1483 1028 1578 gignendis
1049 1484 1105 1557 fu·.

101 1602 110 1652 e
150 1576 367 1669 destinatas,
411 1579 470 1654 sed
502 1577 835 1654 afrusiificatione
872 1578 909 1655 in
946 1581 1106 1675 squamas

100 1689 218 1751 etates
235 1675 271 1750 dc
286 1679 470 1751 coloratas
491 1678 631 1754 strobili
655 1691 875 1771 permutatas
894 1678 975 1753 esse.
1024 1679 1106 1753 Plu·

101 1797 159 1849 ras
197 1775 307 1849 edam
347 1776 488 1867 plantas
523 1776 691 1849 videmus
727 1775 797 1850 suis
836 1778 991 1870 gaudere
1026 1776 1106 1851 bro·

104 1873 136 1946 is
177 1886 242 1948 aut
277 1872 502 1961 involucris,
539 1875 627 1947 sicut
668 1893 848 1947 racemum
885 1875 993 1962 Padi,
1037 1873 1107 1956 Fur

101 1971 199 2045 riam
244 1967 451 2059 bulbosam,
488 1971 732 2057 Umbellatas,
767 1969 801 2042 dc
831 1988 874 2044 ut
902 1971 1107 2044 verbo-di·

101 2091 154 2160 n,
180 2067 373 2142 maximam
394 2069 596 2162 plantarum
625 2082 784 2162 partem3
824 2067 875 2142 Et
900 2071 987 2141 licet
1014 2090 1107 2142 non·
1223 2069 1226 2072 ⁴

101 2169 158 2241 ilae
198 2186 323 2240 earum
355 2186 521 2240 racemos
566 2180 628 2239 aut
664 2165 863 2258 corymbo:
895 2165 1107 2258 proferant,

101 2286 124 2337 e
157 2264 294 2338 talibus
326 2263 525 2339 manifestis
559 2262 736 2350 braueis,
773 2275 815 2338 ut
843 2264 1005 2357 plurimu
1033 2259 1108 2336 Te⁶

101 2359 341 2456 ,dynamistae,
376 2361 463 2436 inde
499 2377 620 2435 tamen
650 2361 742 2436 nihil
775 2361 871 2435 aliud
912 2361 1109 2436 concludo

121 2457 328 2554 possumus,
365 2480 468 2553 quam
501 2456 661 2534 bradeas
691 2472 754 2533 aut
775 2456 1020 2549 contabuisse,
1046 2469 1130 2534 aut-

101 2580 127 2632 n
157 2553 243 2631 satis
269 2552 339 2630 sese
364 2557 592 2650 explicuisse,
617 2579 725 2650 quum
746 2559 863 2632 adhuc
888 2559 925 2630 in
948 2555 1013 2630 suo
1037 2557 1110 2652 pri·

101 2655 199 2729 ›rdio
222 2652 375 2728 minimo
399 2654 521 2728 essent.
571 2655 608 2727 Si
632 2657 670 2729 in
699 2656 852 2728 racemis
881 2671 943 2726 aut
965 2676 1109 2748 corym-

101 2777 107 2826 r
129 2767 272 2827 mature
295 2750 433 2825 flosculi
457 2752 704 2840 destruantur,
731 2752 890 2826 brasieus
912 2749 1036 2844 postea
1054 2753 1110 2824 vie

101 2874 180 2926 mus
212 2864 376 2924 naturam
403 2849 573 2925 assumere
591 2850 787 2937 foliorum,
807 2861 915 2941 atque
940 2848 1012 2922 hoc
1031 2849 1109 2945 ipso

101 2951 217 3023 iicare
255 2947 415 3040 eiusdem
447 2947 481 3022 se
516 2970 597 3020 cum
633 2947 733 3020 soliis
763 2945 832 3019 eise
857 2944 1035 3036 originis,
1061 2968 1109 3021 eo

101 3069 175 3121 nen
207 3044 431 3134 discrimine,
460 3045 557 3139 quod
591 3044 742 3118 braden
772 3044 840 3119 fint
864 3041 952 3117 solia
977 3065 1022 3117 ex
1044 3066 1111 3137 po·

101 3143 198 3217 riori
239 3143 437 3238 progenie,
470 3145 520 3216 ita
551 3159 617 3233 ut,
649 3143 733 3215 dum
770 3163 908 3236 gemma
944 3153 1111 3233 tempore

101 3263 173 3315 rno
201 3238 301 3312 foliis
332 3239 365 3314 so
391 3241 429 3315 in
459 3240 636 3315 surculum
662 3240 844 3333 explicat,
866 3239 934 3312 fint
960 3237 1111 3312 bradeae

101 3339 145 3414 nil
180 3338 277 3413 aliud
306 3359 413 3431 quarn
444 3340 529 3411 talia
564 3339 791 3431 soliusque
820 3355 995 3431 geminem
1021 3357 1111 3411 coo·

101 3448 248 3510 tuerent
278 3435 312 3509 dc
337 3436 373 3510 in
407 3435 567 3527 sequenti
600 3457 698 3509 anno
732 3435 769 3508 in
801 3433 891 3524 folia
929 3447 1110 3509 mutaren-

101 3559 135 3621 [ς
170 3532 307 3624 semper
332 3535 430 3608 enim
456 3535 515 3606 ubi
547 3533 616 3608 flos
642 3555 687 3605 ex
716 3533 771 3604 ula
805 3530 885 3604 solii
912 3528 1111 3626 proienit,

101 3629 140 3704 de
163 3629 332 3706 rariffime
357 3630 531 3725 provenit
560 3630 794 3725 primordium
820 3629 932 3720 rami,
956 3627 1014 3702 sed
1040 3629 1110 3703 fre⁴

101 3726 280 3805 eotiffitne
297 3751 343 3803 ex
359 3728 533 3802 soliorum
552 3729 765 3802 inferiorum
785 3727 851 3798 alis
881 3749 957 3802 non
978 3726 1110 3818 flores,

101 3815 284 3900 s'tantum
310 3828 400 3901 rami
431 3827 654 3903 excrescunt.
711 3824 788 3899 Has
818 3824 941 3918 itaque
977 3824 1112 3903 bracio

127 3924 168 4000 in
193 3924 317 4015 Pado,
351 3925 445 4002 Ribe
478 3925 763 4021 &Phytolrcce
788 3943 876 3999 vera
910 3921 978 3999 effe
1006 3921 1112 4094 iffi,
