2602 4716
197 229 271 291 210
423 201 677 289 MORSURA
708 200 1037 295 SERPENTUM.

193 383 371 479 scriptur,
397 382 483 457 dum
501 382 699 474 sauciavit,
724 381 818 458 sitim
845 383 1016 460 accendit
1039 383 1260 480 inextingui-

191 484 317 559 bilem.
375 481 499 579 Digna
530 481 632 574 sunt‚
673 505 758 576 qua
788 483 849 556 hic
883 482 1118 576 adponuntur
1154 482 1260 576 ipliuc

182 577 335 657 uncant
371 582 506 668 verba,
549 581 613 653 ubi
647 580 697 657 A.
730 578 891 655 Tuscum
924 580 1080 657 Catonis
1119 579 1260 675 fignife·

193 700 279 853 ἒιὲιη
311 678 418 771 hujus
445 677 629 772 serpentis
663 698 813 754 veneno
847 679 1050 773 percitum,
1086 677 1260 776 graphice

154 790 157 794 ·
240 778 382 872 pingit:

260 893 349 968 Nou
374 891 489 966 Decus
511 895 662 990 imperii,
686 917 749 968 nun
770 891 871 984 mclii
889 895 973 988 jura
995 896 1127 967 curus

266 990 445 1066 Ardentem
466 1005 595 1064 tenuere
613 997 747 1080 virum,
775 999 852 1087 quin
862 992 1020 1086 spargere
1029 990 1129 1085 figur

267 1086 437 1176 Auderet,
464 1095 601 1184 totisque
620 1087 740 1181 fierent
763 1096 944 1184 exquireret
967 1095 1058 1183 agrit'

273 1186 367 1290 Quas
385 1185 532 1283 puscebut
551 1209 672 1281 muas,
687 1187 803 1284 ficiens
822 1194 860 1263 iu
878 1190 970 1262 currit
991 1208 1160 1286 venetum.

133 1352 135 1357 .
194 1283 246 1361 Et
272 1284 398 1381 paucis
425 1283 646 1377 interiediis:

270 1386 450 1458 Scrutatur
476 1405 575 1456 urnas
598 1389 730 1478 penitus
752 1383 931 1477 squalentis
948 1404 1075 1472 arene,

267 1481 372 1560 Nunc
393 1482 478 1555 redit
500 1483 543 1554 ad
563 1483 682 1573 syrrer
702 1483 746 1566 Θ
761 1484 886 1578 fluitur
911 1489 1030 1578 accipit
1047 1505 1124 1572 ore,
1219 1547 1225 1557 .

172 1609 176 1616 ·
268 1579 501 1675 Aquoreusque
513 1585 642 1673 placet,
654 1580 716 1675 sed
736 1604 800 1652 neu
813 1580 879 1672 fibi
891 1577 1016 1677 sufficit
1037 1584 1173 1670 humor,

269 1678 345 1755 Nec
360 1677 464 1773 ⁸feurit
479 1674 608 1768 ‚suique
629 1685 754 1775 genui,
778 1693 971 1773 morternqut
991 1685 1126 1766 ueneni,

64 1806 66 1811 ·
206 1804 214 1818 ·
264 1777 338 1850 Seri
349 1789 447 1872 putat
465 1768 522 1870 effa
534 1774 647 1868 filiu,
665 1770 819 1870 ferroque
837 1777 963 1871 aperire
986 1790 1144 1852 ωπιιητις

270 1873 435 1970 Sustinuit
455 1895 577 1962 venus,
598 1887 693 1968 atquc
717 1895 751 1946 os
774 1879 904 1970 implere
927 1897 1052 1950 cruere.

295 1983 429 2061 Aspis
462 1984 502 2058 in
538 1997 709 2060 veterum
737 1984 986 2061 monumentis
1012 1984 1169 2080 triplicis
1200 2003 1261 2084 ge·

196 2084 296 2168 iteris
320 2082 503 2158 occurrit:

294 2197 326 2274 Ι.
354 2195 481 2290 Pityar
504 2190 629 2270 fronte
654 2193 850 2271 caruncula
876 2193 1031 2288 calicia,
1056 2195 1187 2273 colore
1210 2192 1265 2273 ci·-

198 2318 313 2380 nereo
339 2289 703 2386 viridi-splendente.

242 2405 348 2582 bil.
378 2404 510 2505 Cirrsea
533 2403 753 2502 longiffima,
782 2404 1116 2500 cinereo-viridis,
1142 2407 1260 2484 oculis

198 2528 242 2583 tu
268 2528 329 2580 ns.
1023 2526 1030 2534 ·

295 2616 368 2694 Ill.
400 2616 583 2690 Chelidonia
602 2613 725 2710 nigra,
752 2629 883 2690 ventre
908 2616 1016 2708 albu,
1042 2620 1147 2711 cujus
1164 2639 1258 2693 mor·

198 2718 274 2794 sum
303 2714 474 2809 singultus
503 2712 581 2793 bini
608 2712 672 2786 ‘vel
701 2714 818 2802 terni,
852 2736 936 2788 cum
963 2718 1170 2790 mutatione
1197 2738 1259 2790 co·

198 2817 311 2904 loris,
345 2813 525 2905 stupore,
553 2809 725 2906 Frigore,
761 2811 922 2903 Sumne,
954 2812 1260 2907 &palpitatione

197 2914 296 3009 sequi
331 2910 553 3004 perhibetur.
617 2907 718 2982 Inter
749 2908 811 2981 has
845 2909 997 3003 Aspidcs
1041 2913 1260 2987 nominatim

197 3012 353 3105 Phtyam
384 3005 477 3099 elie,
515 3026 593 3098 quae
635 3027 699 3098 per
737 3005 905 3099 soporem
951 3022 1014 3079 aut
1056 3008 1259 3104 lethargum

199 3108 360 3194 occidit,
403 3126 450 3176 ex
481 3102 683 3175 collatione
718 3102 933 3195 scriptorum
965 3104 1071 3178 facile
1105 3106 1145 3179 iu
1184 3106 1256 3178 ani·

197 3227 296 3293 mum
342 3200 566 3276 induxerim:
616 3214 723 3290 atque
768 3200 815 3273 lic
857 3202 1008 3276 eandem
1057 3200 1128 3275 elie
1175 3224 1256 3277 cum

146 3296 152 3304 ’
196 3302 334 3396 Aspide
365 3311 553 3383 veterum,
586 3295 770 3389 speciatim
804 3296 851 3370 :ic
876 3296 991 3388 ditia,
1024 3321 1101 3391 qua
1131 3301 1255 3378 Bellon.

65 3430 69 3436 ·
198 3403 279 3476 ltr'rr.
305 3415 343 3494 p.
360 3420 443 3489 203.
490 3393 764 3491 Nintipolonga
786 3393 996 3488 Zeylanica.
1054 3397 1134 3491 Rrrj.
1159 3405 1254 3472 anim

191 3516 327 3597 p.332.
355 3494 445 3567 &in
463 3491 601 3586 system.
628 3493 811 3566 Natam.
847 3494 918 3566 Nu
936 3515 1015 3586 173·
1047 3495 1254 3588 Anunrdytrr
1280 3546 1282 3553 .

195 3609 365 3669 vocatur.
432 3590 552 3683 Hujus
587 3610 732 3682 quoque
768 3588 913 3683 Aspidis
946 3586 1115 3687 (Phtyae)
1147 3611 1255 3668 vene*-

196 3715 248 3770 no
278 3689 339 3764 usa
376 3686 523 3762 videtur
554 3684 754 3780 cleopatra,
791 3686 1050 3783 AEgyptiorum
1096 3690 1255 3786 Regina;

197 3787 357 3877 etenim,
385 3799 429 3860 ut
458 3806 504 3858 ex
537 3782 609 3858 fide
635 3782 849 3879 scriptorum
879 3784 1074 3876 habemus,
1100 3809 1176 3881 quo
1205 3790 1255 3860 vi·

197 3901 273 3965 tam
307 3883 456 3962 mollem
483 3881 518 3967 dt
548 3880 740 3960 delicatam
769 3897 912 3976 morte,
944 3884 1056 3961 ficubi
1089 3884 1172 4060 snrsl
1202 3899 1256 4074 tu,

720 4021 729 4035 ·
1171 4003 1223 4061 err
