2602 4716
333 232 546 315 tronum
580 232 821 362 Quassrn.
1032 259 1105 331 ns

138 411 292 489 VIRES
319 434 412 489 vero
443 413 594 520 Quaffia
627 413 727 508 quod
754 413 921 510 respicit,
955 415 1106 510 quicun-

95 535 120 586 e
149 513 196 585 ad
222 512 401 589 theoriam
425 512 599 605 saporum
621 514 781 588 animum
805 513 992 587 attendere
1013 517 1106 601 vuit,

95 609 171 691 tile,
181 610 381 704 percipiet,
403 611 481 683 ilias
499 611 689 684 admodum
703 612 901 707 Balsamicas
915 610 995 685 effe.
1028 611 1107 685 Bai·

95 707 181 781 nica
201 721 320 787 autern
338 709 529 797 dicuntur,
557 731 634 801 qua
652 731 716 802 per
732 731 931 786 amarorem
950 710 984 782 n
1000 708 1106 791 acido

95 803 219 879 fistunt
237 804 272 879 u
287 805 492 899 putredini,
511 829 584 898 quo
603 806 738 899 duplici
756 806 943 901 Principio
962 805 1107 881 solvun-

95 902 169 975 r&
191 900 422 978 destruuntur
455 918 528 977 tam
560 904 778 1000 vegetabilia
803 926 907 998 quam
939 904 1107 979 animalia

95 993 191 1077 unia.
250 1002 362 1104 Quod
384 1015 504 1075 autem
532 1002 660 1077 amaris
686 1005 779 1077 acida
803 1002 992 1098 &marina
1011 1003 1106 1076 fran-

95 1111 205 1186 amr,
244 1099 419 1192 omnique
452 1100 565 1175 modo
597 1098 849 1188 inhibeantur,
895 1101 1107 1195 quotidiam

96 1215 250 1269 ocemur
268 1219 269 1222 ‘
285 1196 555 1290 experientia·
586 1196 646 1270 Sic
679 1197 930 1288 Absinthium,
965 1197 1106 1287 astate,

95 1291 235 1367 revisrae
259 1294 436 1368 acescenti
463 1293 675 1386 immissum,
700 1294 798 1369 intra
815 1315 930 1388 pauca
952 1296 1106 1382 minuta,

95 1388 196 1464 idum
221 1390 355 1486 frangit
374 1391 560 1468 &domat
610 1392 709 1466 Idem
727 1394 835 1485 etjam
856 1396 955 1466 vaiet
974 1393 1018 1465 de
1038 1392 1107 1466 Lu·

95 1488 167 1576 rio,
193 1488 279 1582 qui,
312 1509 393 1564 cum
414 1490 585 1565 cerevifia
606 1489 753 1581 costus,
781 1492 826 1563 ab
852 1512 961 1564 acore
987 1488 1107 1575 iilam,

118 1582 266 1681 ingrato
299 1609 473 1678 mucore,
510 1588 589 1663 diu,
609 1589 812 1680 preferant.
871 1590 1108 1682 Quapropter

95 1684 259 1776 ropolae‚
288 1685 340 1757 rei
370 1685 478 1778 huius
507 1686 645 1778 optime
676 1687 802 1782 gnari,
834 1686 921 1759 vina
949 1687 1108 1760 marcida

95 1778 184 1853 aria
217 1782 427 1877 corrigunt,
459 1784 690 1876 eaque,doin
725 1784 795 1878 pro
829 1775 1107 1859 stomachaiihua

95 1877 268 1952 rendunt
318 1880 399 1975 Jam
419 1895 537 1953 autem
557 1882 923 1973 qrraiemamaravim
947 1882 983 1955 in
1006 1871 1109 1954 acida
1151 1948 1156 1957 ,
1225 1940 1230 1949 ,

95 1990 253 2062 creent,
275 1979 384 2052 talem
404 1981 510 2067 etjam
543 1979 577 2051 in
606 1979 747 2072 putrida
774 1980 982 2052 conferunt.
1022 1977 1108 2054 car-

96 2094 115 2147 s
140 2094 297 2167 namque
322 2074 476 2149 Scordio
502 2075 686 2152 involutas
706 2096 726 2148 a
749 2075 942 2168 putredine
965 2074 1107 2169 conser-

97 2169 130 2243 ri
160 2171 360 2260 immunes,
385 2187 550 2246 veterum
581 2172 633 2246 est
656 2185 729 2246 tarn
755 2187 867 2264 nota,
894 2195 999 2265 utram
1029 2193 1108 2264 que
1237 2202 1246 2219 ·

95 2265 254 2359 ruffina,
280 2269 502 2345 observatio.
555 2272 604 2344 Et
620 2270 802 2346 neminem
826 2292 982 2363 unquam
995 2268 1107 2366 sugit,

95 2364 255 2455 devera,
279 2366 378 2443 Aloe
402 2367 608 2461 &Myrrha
625 2368 775 2445 condita
797 2388 817 2441 a
841 2368 1031 2461 putredine
1053 2367 1109 2443 in·

95 2483 152 2554 ara
179 2463 373 2558 perdurare
390 2464 519 2540 secula.
570 2467 638 2545 Ha
664 2468 773 2542 etiam
801 2465 952 2570 Quafflae
977 2464 1109 2541 nostra

95 2573 134 2634 nt
154 2561 272 2641 vires:
301 2585 348 2638 ne
374 2564 490 2637 dicam
519 2563 636 2653 illam,
662 2565 961 2657 quemadmodum
986 2578 1109 2640 cetera

95 2680 188 2734 mme
219 2681 358 2747 amara,
398 2667 534 2735 tonicam
560 2683 706 2756 quoque
739 2661 830 2753 effe,
869 2678 976 2755 arque
1013 2661 1107 2744 adeo

95 2757 162 2833 nde
181 2755 449 2834 stomachicam.

539 2880 607 2955 Dd
635 2903 657 2973 5
847 2917 855 2933 ι
960 2878 1108 2954 USUM

149 3114 270 3214 aliaque
297 3135 398 3180 amara
429 3136 502 3181 cum
528 3118 585 3185 hac
615 3116 744 3194 cossam,
773 3114 901 3200 insipida
932 3135 969 3182 ac
996 3113 1108 3180 inertia

152 3216 258 3260 vocam
283 3209 469 3264 mereantur.
666 3215 669 3221 ¹

213 3303 262 3368 De
279 3301 454 3367 charactere
472 3303 565 3386 hujus
585 3303 750 3378 butanica,
770 3298 848 3368 ficut
867 3301 905 3365 de
917 3292 1025 3368 multia
1039 3298 1107 3363 aliia

157 3403 197 3447 ex
211 3384 357 3446 Amerina
371 3384 488 3456 allatis,
510 3384 587 3448 nihil
605 3384 695 3446 nobis
710 3382 836 3447 constat.
876 3381 1037 3449 Laudatur
1053 3376 1109 3444 ad-

150 3461 254 3547 uersus
279 3466 409 3528 amimam
431 3465 508 3527 male
536 3471 726 3528 moratorum
739 3460 876 3544 febrium
896 3461 1042 3538 indolem
1060 3468 1108 3526 ah

151 3564 210 3630 qne
237 3548 353 3609 uniam
381 3541 470 3608 taus
498 3546 611 3608 radicis
633 3539 823 3639 scenopeiam,
857 3543 901 3611 ad
933 3543 1022 3607 carue
1039 3538 1108 3625 fer·

151 3634 283 3690 mentum
302 3645 344 3687 ax
363 3563 521 3709 affinibus
540 3623 760 3703 excutiendam,
771 3625 849 3720 ,pius
930 3645 998 3702 ere,
1015 3639 1107 3708 qaam

145 3706 252 3790 phares
275 3708 395 3772 corticis
415 3705 505 3774 cinna
522 3703 683 3771 aracnmae.
725 3703 804 3791 Quin
823 3707 884 3770 imo
903 3707 1050 3787 plurimos
1066 3721 1107 3777 en

143 3782 212 3874 stria
234 3785 322 3867 hauns
339 3786 453 3852 radicis
473 3787 627 3852 Gentiana
642 3783 747 3852 indica
765 3784 982 3871 masticatione,
1004 3785 1043 3856 Θ
1054 3779 1107 3869 sa·

150 3869 400 3951 hundegatam,
431 3876 575 3952 tanquam
601 3870 818 3932 incantamenta
843 3869 994 3954 restauror
1036 3859 1107 3949 orffa

149 3948 268 4016 Exceu.
292 3951 332 4017 D.
352 3950 511 4025 serrendo,
543 3947 705 4015 annorum
734 3948 930 4019 exanimum
952 3951 986 4019 M
1027 3949 1107 4022 ’Μ

143 4028 294 4113 minuet.
333 4029 405 4099 A&
426 4030 478 4117 ph.
498 4030 580 4098 med.
600 4027 716 4107 van
