2602 4716
240 188 501 317 montesis
534 198 874 317 Pitumnum}
1013 228 1083 338 379

105 439 233 492 mecei
253 419 351 493 tertii
371 419 404 493 dt
421 419 537 514 quarti
560 421 645 494 enni
665 419 702 495 in
721 420 792 493 illis
807 442 883 496 non
901 414 1085 512 explicen-

149 517 261 590 Ratio
279 541 386 607 vero,
404 541 468 593 eur
483 518 596 591 desint
612 519 665 592 hae
684 533 804 611 partes
823 518 861 592 iii
879 515 993 589 tiae-tc
1008 536 1086 590 non

105 615 241 708 plenta,
266 615 394 689 frustra
411 615 594 708 queritur,
624 616 687 690 nisi
705 617 741 689 iii
762 616 914 689 arbitrio
935 611 1085 685 Creato-

150 711 192 786 ln
219 712 388 787 Claffibus
414 713 613 786 Monoecie
642 714 676 785 dt
709 712 860 787 Dioeciae
887 712 947 785 elii
977 710 1087 784 florei

105 810 264 902 unibus,
300 810 360 883 elii
388 810 531 905 pistillis
562 809 825 898 destituuntur;
859 804 1088 905 protruditur

105 909 175 982 leni
209 911 346 1004 lignum
377 909 415 983 in
446 909 598 982 floribus
626 907 828 998 femineis,
870 908 958 981 lieet
990 904 1089 979 nulla

105 1006 163 1078 ide
200 1006 403 1080 formentur
431 1005 603 1094 stamina,
634 1007 667 1080 dt
700 1006 844 1099 quando
868 1005 1023 1079 medulla
1050 1003 1090 1077 in

105 1103 183 1177 ibus
211 1104 415 1179 masculinis
447 1104 510 1177 sibi
538 1105 635 1178 viam
671 1103 814 1200 aperuit
839 1125 903 1198 per
931 1099 1088 1176 substen-

105 1204 375 1289 icorticilem,
400 1224 478 1276 non
505 1202 722 1297 expanditur
750 1201 788 1275 in
810 1201 1002 1296 pistillum,
1031 1199 1090 1276 sed

105 1299 209 1373 iritur
236 1302 310 1373 sive
332 1301 540 1374 exiccatur.
599 1302 795 1376 Rationem
820 1321 912 1372 vero
939 1299 1090 1373 reddere

105 1419 138 1470 ie
154 1398 400 1492 phenomeni,
415 1396 576 1472 nostium
593 1399 747 1472 omnino
763 1396 904 1492 superat
919 1409 1089 1490 ceptum,

105 1508 163 1569 ote
178 1495 276 1591 quod
293 1497 465 1594 elegibus
484 1509 619 1569 nature
637 1494 780 1570 eternis
797 1497 905 1571 unice
920 1492 1067 1589 pendet.
1196 1536 1200 1543 ·

476 1655 510 1743 §-
561 1648 648 1724 vii.

107 1798 112 1811 ·
131 1765 251 1857 Hujus
265 1787 410 1858 quoque
430 1765 480 1840 est
498 1767 586 1856 loci,
601 1788 787 1861 exponere
806 1768 865 1842 eui
884 1767 961 1842 usui
983 1765 1091 1841 inser·

105 1878 138 1938 it
150 1863 240 1936 folia
252 1885 456 1959 gemmacea
475 1863 617 1938 secundi
637 1866 736 1951 anni,
755 1887 776 1937 e
794 1867 934 1940 cortice
949 1859 993 1952 a)
1008 1886 1092 1959 pro·

105 1966 172 2035 iin
197 1961 267 2035 illis
285 1963 573 2058 vegetabilibus,
599 1963 661 2034 ubi
686 1961 839 2036 Bradeae
860 1985 935 2037 non
962 1984 1086 2036 occur·

105 2075 131 2155 n
191 2059 332 2140 Veruin
356 2061 453 2132 enirn
483 2081 573 2131 vero
597 2080 724 2132 omnes
746 2059 887 2154 plantis
911 2059 981 2134 suis
1006 2080 1092 2152 giu·

105 2178 120 2228 e
136 2155 308 2239 Bentleii,
324 2155 549 2230 certiffimum
570 2154 647 2241 est,
673 2155 761 2229 licet
773 2176 850 2231 non
867 2157 906 2232 in
921 2157 1092 2230 omnibue

105 2254 222 2327 ialiter
251 2255 491 2348 explicentur.
554 2252 692 2328 Pendet
717 2250 836 2328 eutem
864 2256 937 2330 hoe
963 2254 1093 2348 partim

105 2351 234 2439 ordine
257 2367 394 2426 naturae
420 2352 594 2427 asummo
621 2351 847 2445 Legieletore
870 2353 1092 2448 prescripto,

105 2452 168 2523 tim
185 2449 294 2523 etiem
322 2450 520 2524 acititiori
545 2450 708 2526 medullae
733 2451 947 2546 impulfione
971 2471 1012 2524 ac
1033 2451 1094 2523 de·

105 2568 134 2622 ii
174 2547 412 2638 nutrimenti,
459 2549 558 2642 quod
593 2547 685 2622 adeo
721 2549 933 2625 festinanter
971 2547 1094 2623 versut

105 2661 161 2720 tes
189 2643 481 2720 frudiilicationis
514 2647 720 2734 derivatur,
764 2661 805 2718 ut
829 2646 985 2722 Bredeae
1014 2668 1095 2740 per·

105 2765 133 2817 :e
148 2744 322 2834 explicari
341 2760 533 2836 nequeant.
584 2742 661 2816 Ubi
682 2742 836 2818 medulla
858 2744 991 2818 minori
1013 2764 1097 2818 cuni

105 2841 276 2915 inetione
298 2841 340 2914 ad
357 2840 674 2914 fruetificationem
691 2839 909 2932 effunditur,
938 2843 1018 2937 plue
1034 2843 1097 2914 eli·

105 2939 154 3014 nti
170 2938 357 3031 accipiunt
372 2939 461 3012 folia
478 2959 683 3033 gemmacee
700 2937 844 3011 secundi
862 2939 1006 3029 anni&
1018 2954 1097 3013 tum

105 3037 199 3112 nee
231 3038 343 3131 magis
383 3036 655 3132 extendunture
688 3035 825 3129 semper
862 3049 983 3110 tamen
1016 3057 1097 3130 per·

125 3133 162 3207 di
187 3133 346 3208 exsuccae
376 3134 478 3224 sunt,
513 3136 576 3209 nisi
606 3133 784 3208 retardata
816 3133 1099 3210 fruetificetione

120 3254 156 3328 g.
182 3232 328 3324 quando
366 3232 495 3306 inserti
524 3231 719 3307 interiores
753 3248 874 3325 parter
907 3228 1100 3306 frudifice·

105 3331 158 3404 nis
181 3322 471 3420 consumserunt>
499 3330 539 3404 in
572 3327 728 3425 perfede
759 3330 849 3404 folia
876 3328 1097 3405 excrescent.
1156 3401 1161 3408 ,

105 3425 212 3503 >erest
238 3428 378 3525 integre
399 3427 611 3504 ¹Plantiirum
634 3427 792 3521 familie,
833 3450 910 3523 quie
940 3425 1100 3539 Crypto-

973 3546 1100 3623 garnie

105 3707 124 3788 »)
141 3704 412 3802 Quoniem'solie‚
440 3704 573 3770 bratteae
594 3699 637 3798 dt·
650 3702 747 3787 calyx.
763 3700 831 3799 fint·
846 3720 902 3802 pro
946 3702 1014 3765 iiies
1034 3720 1102 3797 eor·
1221 3762 1233 3796 ‘

125 3798 216 3860 treis,
249 3786 422 3850 verosimile
451 3786 509 3859 est,
540 3794 728 3848 exteriorem
753 3795 899 3848 corticis·
942 3783 1101 3848 bibentium

125 3869 215 3933 Folia
234 3868 415 4013 porrigere,
442 3867 574 3930 mediam
594 3861 736 3931 tiramni
757 3863 791 3929 dt
811 3865 991 3930 interiorem
1008 3862 1102 3946 Cely-

125 3968 215 4024 cem,
247 3950 299 4011 cui
343 3949 409 4012 ibet
429 3949 591 4031 proximos
610 3945 670 4025 est,
700 3945 813 4032 oelyci·
826 3947 860 4013 iii
879 3945 1011 4014 floribus
1033 3961 1102 4010 ver·

126 4031 247 4096 nelibue
265 4029 348 4114 sepe
366 4030 538 4098 adherens.
