2602 4716
289 220 806 305 ANTHROPOMQRPHA.
1023 248 1066 323 7¹

125 400 231 485 sert,
260 418 353 477 ,cumr
384 410 506 473 tamen
534 398 697 493 plerique
731 398 917 477 nudorum
943 402 1068 475 abbre-

105 520 146 575 rn
174 494 253 571 effe
279 492 432 571 tradant.

109 691 227 767 Varii
260 660 411 783 peregre
437 688 739 787 proficiscentium
771 692 877 783 bujm
911 692 1066 777 mentio·

129 790 313 863 fecerunt
343 780 407 879 ’),
447 788 611 881 interque
650 790 718 863 boa
754 786 934 865 Nicolaua
971 790 1066 864 Mat·
1121 848 1129 863 .

130 884 238 961 fliius
273 884 422 977 Ir'ipiag,
460 884 615 976 Suecus,
659 886 721 979 qui
756 887 794 961 in
825 888 954 963 itinere
988 885 1065 975 suo,

105 1008 109 1055 ε
150 1002 286 1057 coram
324 980 478 1055 intuitur
514 981 588 1069 est,
645 1004 777 1059 marem
826 982 1072 1077 feminamque.
1128 1019 1136 1031 ·

105 1140 107 1149 .
146 1080 249 1155 male
290 1075 487 1169 descripsit,
524 1079 606 1153 dum
651 1080 744 1154 hane
783 1082 820 1154 in
854 1080 1066 1161 seutentiam

105 1178 199 1253 itur:
247 1172 339 1249 Erat
373 1194 460 1267 gens
491 1175 699 1249 horrida&
730 1190 843 1265 tetra,
870 1178 985 1267 flaua,
1009 1178 1064 1251 iu·

105 1276 184 1351 ixta
209 1270 421 1367 nigredine,
449 1292 491 1344 ac
518 1274 813 1363 quemadmodum
839 1274 948 1364 seles,
983 1296 1066 1347 cau·

105 1368 301 1455 instrum,
333 1390 410 1459 qun
444 1382 564 1443 tamen
596 1370 691 1443 uuda
724 1384 825 1461 crat,
860 1388 968 1465 atque
994 1370 1065 1445 huc

105 1470 189 1543 iiiuc
245 1464 486 1553 discurrebat,
539 1466 582 1539 ad
632 1468 871 1541 imitationem
926 1468 1062 1541 felium.

128 1564 176 1639 ad
205 1564 310 1637 littus
341 1562 610 1653 appulissemus,
646 1564 761 1639 statim
796 1588 865 1639 nor
900 1566 1066 1639 adierunt

105 1662 271 1749 avibus,
306 1656 498 1733 afferentes
535 1660 650 1735 secum
686 1662 858 1754 quosdam
893 1662 1065 1737 Psittacus

106 1782 225 1843 acor,
252 1772 346 1847 quos
376 1771 577 1847 permutare
602 1760 818 1845 voluerunt,
851 1762 957 1833 rebus
986 1758 1065 1851 qui·

106 1858 173 1931 bet
196 1855 347 1935 femena
383 1872 462 1927 cum
489 1877 579 1927 vero
602 1856 929 1931 animaduertissent
952 1852 1065 1929 nemi·

111 1954 238 2027 secum
260 1950 408 2023 mercari
428 1953 543 2038 velie,
568 1952 683 2025 statim
705 1954 797 2025 coila
816 1952 974 2026 Pittacis
993 1950 1071 2025 suia.

105 2052 257 2147 ebant,
289 2046 322 2117 dt
354 2048 482 2119 crudos
516 2070 637 2121 coram
667 2048 902 2125 devorabant.
965 2044 1065 2121 Tan·

129 2164 240 2219 tanta
279 2143 506 2218 multitudine
538 2146 823 2219 conscenderunt
853 2168 988 2231 naves,
1024 2156 1064 2215 ut

105 2268 146 2317 m
197 2243 246 2314 ab
295 2242 365 2313 iilis
411 2258 670 2331 metueremus,
716 2242 811 2313 unde
849 2238 1064 2315 bombardae

105 2362 214 2425 mus,
242 2336 371 2429 quibus
394 2336 537 2427 solutis,
568 2340 728 2432 plerique
753 2340 959 2435 fugiebant3
990 2358 1063 2413 ma·

105 2462 141 2511 es
167 2452 315 2519 autem,
341 2434 490 2527 propius
514 2436 558 2509 ad
585 2456 654 2509 nos
678 2438 714 2510 in
738 2458 866 2509 navem
889 2436 961 2511 fine
989 2456 1063 2511 me·

105 2532 333 2617 ccesserunt,
356 2552 550 2623 omnesque
575 2534 814 2625 perquisivere
838 2534 974 2627 navigii
1000 2554 1062 2607 an·

105 2656 116 2707 r
141 2633 181 2705 dc
209 2630 294 2702 loca
319 2630 356 2701 in
381 2630 439 2700 illa
462 2631 581 2703 abdita
604 2630 746 2717 omnia,
773 2630 974 2705 auferentes
992 2630 1098 2715 scr-2

105 2746 179 2805 arta
211 2728 349 2818 qnaeuis
373 2726 459 2798 visui
483 2728 626 2799 iliorum
648 2727 796 2799 obviam
821 2728 923 2802 sada.
965 2726 1062 2801 Con·

124 2840 277 2909 autem,
304 2840 343 2893 ut
369 2822 598 2896 Gubernator
630 2824 755 2907 navis,
780 2846 847 2916 qua
876 2822 969 2897 vesti
994 2822 1065 2895 sui·

105 2976 117 3015 ,
158 2922 411 3005 continentem
444 2920 602 3013 quinque
625 2920 819 2994 comitibus
847 2920 907 2994 srbi
940 2918 1063 3011 adjun-

134 3018 268 3111 scapha
295 3030 458 3107 peteret,
493 3017 656 3105 visurus,
690 3018 825 3109 siquid
861 3016 957 3107 quod
990 3012 1062 3087 esui

110 3168 125 3207 ,
165 3116 229 3187 hic
260 3116 422 3185 locorum
450 3114 695 3199 inueniretur;
728 3135 810 3185 cum
844 3130 962 3186 autem
998 3130 1065 3205 per

105 3234 197 3313 gram
246 3208 389 3285 nodam
440 3208 650 3302 abfuissent,
699 3232 809 3285 morae
851 3210 1063 3379 impatirssu,

508 3306 590 3397 Ε4
1021 3323 1062 3375 0·

116 3512 354 3655 dibi&
372 3514 506 3659 sisai}
527 3510 805 3661 mutat
812 3508 1066 3655 ’assim

117 3672 1065 3847 iffissssb'ssib.⁹'sads“srisssssssr2md

122 3836 268 3917 qudam.
280 3833 346 3921 offis
365 3855 521 3919 remgor,
547 3836 591 3902 ad
602 3844 730 3919 quatuor
749 3836 798 3897 uel.
807 3832 935 3915 amplae
950 3830 1064 3917 arguor

122 3934 307 3987 exereretur,
340 3916 440 3985 codem
453 3916 566 4001 ..merim
586 3936 655 4003 -quu
673 3925 814 3983 traam
831 3912 927 3983 reda
944 3928 1068 3995 cmi

110 3992 169 4093 sa
183 3912 301 4087 saa·a
