2602 4716
203 220 253 293 aa
482 208 691 293 notrum
726 188 972 291 mutuam.

299 411 357 469 re.
383 390 473 468 Ideo
500 392 610 489 igitur
631 390 732 467 fatte
752 392 833 469 sunt
850 382 1063 469 infestorum
1081 380 1255 489 cite'rvie,

200 504 244 571 ut
269 491 426 586 plantis,
449 490 514 565 srbi
539 489 747 585 adsignatis,
779 491 895 585 justos
929 503 1071 586 ponant
1102 491 1254 585 liniter»,

200 610 308 686 quern
339 588 378 663 in
407 586 517 667 finem
553 586 684 663 idonea
721 588 802 682 ipsis
836 610 983 683 quoque
1018 587 1257 666 instrumenta

199 686 283 765 sunt
305 685 590 760 adcommodata.
641 685 696 759 Ex
719 684 843 760 officio
868 700 987 759 autem
1006 686 1041 758 dr
1059 688 1153 777 quali
1170 689 1255 781 pr'o'·

199 782 371 874 lesione,
411 804 516 875 quarn
555 782 747 881 diligenter
787 786 946 875 obeunt,
985 785 1157 861 alimenta
1190 782 1258 861 subi

198 880 341 975 sulsque
362 880 574 954 conciliant.
999 952 1001 957 ,
1230 968 1233 973 ,

299 1001 355 1073 13.
383 976 517 1052 inseite
543 990 657 1068 vero,
691 976 814 1055 offitio
840 978 982 1053 fervide
1007 979 1169 1070 intenta,
1200 980 1255 1061 fa-

200 1076 292 1164 cile,
323 1098 389 1169 per
418 1076 563 1151 abusum
594 1074 768 1150 concellie
796 1076 1004 1170 potestatis,
1035 1077 1256 1157 horrendam

198 1174 436 1268 subiedtorom
462 1174 523 1271 ¹sibi
553 1174 810 1269 vegetabilium
834 1190 1073 1265 procurarent
1095 1174 1253 1265 ruinam,

198 1272 329 1349 sruon
353 1292 396 1346 ea
419 1278 633 1345 coercerent
661 1272 795 1368 modo,
829 1270 887 1345 sed
912 1271 1165 1347 consumerent
1189 1296 1254 1368 pe·-

197 1370 310 1446 nitus.
381 1370 479 1443 Hinc
519 1368 699 1463 sapientie
738 1368 872 1442 divinoe
909 1366 1024 1443 visum
1063 1370 1158 1461 fuit,
1194 1370 1253 1447 hit

199 1488 347 1563 quoque
378 1463 560 1560 preficere
593 1464 863 1555 moderatores,
898 1480 940 1539 ut
969 1468 1253 1563 multiplicaren-

197 1579 259 1641 tur
294 1563 459 1661 quidetn,
495 1563 553 1637 sed
590 1585 667 1638 non
706 1563 742 1636 in
782 1562 974 1639 infinitum.
1024 1564 1161 1662 Igitur,
1204 1564 1264 1653 de,

198 1661 329 1757 quibus
364 1661 545 1752 diximus,
587 1660 726 1736 insertis
763 1660 1019 1756 Phytiphagis,
1054 1662 1123 1736 alia
1168 1662 1252 1739 sunt

224 1758 408 1855 rapolita,
440 1779 517 1852 que
551 1778 597 1832 ex
626 1759 697 1832 illis
732 1757 883 1833 nimium
917 1760 1073 1852 copiofis
1106 1760 1249 1837 vivant.

196 1782 310 1946 Elec,
333 1872 375 1933 ut
395 1872 516 1929 cetera
534 1857 748 1946 carnivora,
775 1855 819 1929 ad
840 1856 953 1930 vitam
973 1856 1250 1951 sustentandam,
1289 1864 1291 1899 ³

185 1956 320 2031 ‘multis
359 1968 468 2050 egent
502 1953 734 2044 viventibus,
766 1953 862 2028 unde
891 1954 997 2028 etiam
1025 1954 1079 2047 ibi¹
1096 1974 1251 2051 congre·

197 2065 326 2149 gantur
354 2050 606 2145 frequentius,
638 2050 700 2123 ubi
728 2049 884 2125 maxima
911 2050 964 2125 est
995 2051 1250 2128 alimentorum
1289 2094 1291 2099 ·

197 2148 318 2245 eopia.
370 2148 495 2243 ltaque
525 2150 598 2222 virn
624 2148 717 2223 suam
743 2162 937 2237 exercent,
962 2150 1108 2242 quando
1135 2149 1249 2225 maxi·
1288 2154 1291 2197 ³

196 2268 256 2325 me
280 2268 374 2341 opus
399 2245 473 2333 est,
499 2244 538 2317 id
569 2246 641 2337 est,
675 2246 712 2320 in
740 2246 895 2321 maxima
924 2246 1145 2321 subditorum
1176 2247 1248 2339 fref
1289 2252 1291 2263 '

198 2346 358 2441 quentia.
420 2342 503 2432 Sic,
538 2343 602 2417 ubi
632 2342 776 2438 Aphidas
807 2344 1024 2439 vegetabilia
1052 2343 1250 2419 inveniunt
1288 2360 1291 2395 ³

196 2440 383 2533 morbida,
419 2440 705 2534 multiplicantur
734 2441 805 2532 ita,
841 2455 883 2516 ut
908 2441 1126 2516 ramulos&
1158 2440 1251 2517 folia

196 2540 273 2617 fere
298 2550 433 2635 tegant.
494 2538 577 2614 Huc
602 2540 806 2612 convolant
832 2538 954 2635 Illusca
972 2540 1112 2635 Rilefir‘,
1139 2542 1249 2635 Pyru-

188 2636 524 2735 Jlri‚‘Mentlustri,
543 2638 693 2731 scripta,
720 2642 838 2711 melina
865 2636 899 2707 dt
928 2656 1173 2731 congeneret,
1205 2646 1250 2713 ut

196 2737 317 2833 pullos
351 2733 401 2806 ibi
433 2734 641 2827 deponant,
668 2731 729 2826 qui
758 2732 803 2806 de
830 2736 915 2807 loco
943 2734 1006 2807 vix
1035 2748 1247 2825 moventur,

196 2832 254 2907 fed
277 2831 456 2928 Aphidem
489 2845 607 2904 tamen
638 2851 745 2905 unam
769 2830 852 2925 post
880 2830 1026 2906 alteram
1050 2832 1259 2925 devorent.¹

195 2930 302 3007 Suam
326 2950 470 3022 quoque
496 2928 705 3023 progeniem
731 2929 801 3002 huc
832 2927 1028 3002 conferunt
1063 2914 1246 3004 crecineltd

196 3028 430 3103 &Hmterobii
443 3028 550 3101 Perlae
570 3026 601 3097 dt
624 3027 819 3121 Chrysoper,
836 3046 914 3119 quae
930 3026 1078 3118 aphides
1096 3022 1246 3121 copiose

196 3124 375 3213 absumat,
403 3138 445 3195 ut
478 3137 564 3196 tota
595 3146 669 3197 non
703 3144 785 3197 raro
815 3125 886 3197 hoc
909 3124 1021 3197 modo
1046 3130 1246 3218 purgentur

194 3226 338 3319 plantat.
406 3222 589 3301 ltlnnumn
627 3224 792 3315 Aplidum
822 3220 891 3296 suis
922 3241 1067 3316 quoque
1096 3220 1244 3296 foetibui

195 3342 316 3395 earum
345 3334 476 3393 mmurt
503 3340 699 3391 numerum.

294 3442 349 3503 14·
379 3419 537 3491 Plalaeuae
558 3418 748 3504 Strobilellae
771 3414 973 3489 concellum
998 3412 1072 3506 est,
1098 3414 1136 3487 in
1151 3412 1245 3487 stro·

194 3516 279 3589 bilis
304 3514 447 3590 Abietis
484 3512 541 3585 sua
572 3512 755 3604 deponere
779 3534 876 3600 ova,
906 3534 982 3604 quae
1011 3512 1182 3586 strobilor
1208 3510 1246 3583 dt

195 3612 372 3705 superflua
407 3610 541 3685 semina
578 3610 802 3683 contumunt.
854 3611 922 3681 Sed
955 3632 1001 3684 ne
1029 3608 1158 3683 cunita
1182 3607 1245 3681 de·

195 3724 350 3795 vorent,
382 3708 569 3781 ichneumon
583 3709 768 3803 stt-olrllelle
790 3708 951 3796 accedit,
983 3708 1043 3800 qui
1076 3723 1149 3778 ova
1183 3705 1246 3780 suu

195 3808 305 3880 larvis
332 3807 502 3880 Phalaenae
528 3806 600 3899 jam
620 3806 720 3879 uitta
747 3821 884 3879 tantum
914 3804 1133 3889 committit;
1161 3824 1246 3876 caua

195 3910 273 3983 dam
298 3906 358 3980 ille
379 3903 583 4001 longiorem
603 3903 841 3981 foraminibus
862 3903 1016 4001 ingerit,
1044 3902 1164 3977 donec
1180 3902 1254 4073 1ἓὲ

1160 4020 1187 4071 ν
