2602 4710
349 228 610 325 raotrrsrs
643 243 983 356 rasurarum.
1122 273 1190 346 su
1265 200 1268 207 ’

128 431 192 507 sua
209 453 288 506 non
309 429 494 523 explicent
520 429 610 503 folia
634 448 716 503 cum
733 414 885 522 petalis,
912 429 1089 505 nisi'solia
1113 450 1194 511 cor,-

126 528 334 615 rodantur3
362 549 471 619 quare
495 528 604 599 arbor
630 528 666 600 in
693 547 812 599 macra
835 543 929 602 terra
954 530 1106 617 floreat,
1135 527 1195 602 sed

128 628 237 702 foliis
255 626 292 700 in
315 624 442 720 pingui
459 625 639 712 luxuriet3
666 625 854 717 quomodo
872 626 981 699 flores
1003 626 1101 720 pleni
1116 645 1194 701 non
1252 623 1257 634 ’

128 724 275 820 specie,
303 718 653 797 sedmodificatione
677 721 867 812 differant3
896 723 1083 828 quomodo
1103 722 1195 796 folia
1277 728 1280 732 '

129 822 266 917 iustum
283 819 334 898 sui
353 833 456 894 ortus
475 834 617 912 tempus
636 819 858 914 anticipent,
881 837 922 893 ut
938 821 1071 896 semina
1093 842 1194 913 aeque

130 919 303 1007 celeriter
321 918 436 991 vitam
458 917 593 1030 plantae
613 940 654 991 ac
675 916 758 1011 ipsa,
769 939 908 1014 gemma
923 919 1193 1012 multiplicent3

129 1018 251 1091 itaut
278 1026 496 1111 propagatio
524 1014 702 1089 esemine
732 1014 766 1088 dt
793 1037 933 1111 gemma
950 1015 1030 1090 -fiet
1053 1036 1192 1091 coaeva.

130 1113 203 1189 Sed
220 1137 268 1190 ne
289 1117 385 1188 ultra
406 1112 553 1188 modum
578 1112 760 1188 excrescat
782 1113 859 1187 haec
875 1112 1110 1204 Dissertatio,
1139 1126 1193 1186 te·

127 1214 203 1287 lam
230 1211 457 1287 traslationis
485 1211 711 1306 abrumpam,
748 1225 919 1306 oportet,
945 1212 1025 1287 aliis
1050 1211 1193 1286 relidu-

127 1332 193 1386 rus
223 1331 266 1384 ea
296 1308 532 1405 persequendi
562 1310 737 1406 gloriam,
778 1331 930 1402 quorum
965 1331 1034 1406 ego
1060 1311 1194 1403 primas

128 1421 275 1482 tautum
297 1408 413 1481 lineas
434 1406 541 1482 duxi:
574 1409 667 1481 hanc
694 1420 815 1482 autem
840 1429 935 1482 ame
955 1407 1194 1497 monstratam

127 1506 255 1595 mam,
280 1505 444 1600 quisquis
466 1526 525 1579 me
552 1504 1009 1600 perspicacior-institerit,
1038 1506 1089 1599 is,
1115 1525 1194 1580 non

127 1603 367 1680 linelbmma
388 1605 604 1698 voluptate,
632 1618 748 1679 totam
774 1606 965 1680 emetietur
988 1604 1193 1702 vegetatio·

127 1702 189 1777 nis
202 1701 338 1777 filvam.
390 1700 482 1774 Non
498 1703 640 1795 quidem
660 1723 716 1775 me
733 1700 848 1796 fugit,
875 1705 1025 1777 nebulas
1043 1699 1193 1776 subinde

125 1799 206 1874 boc
225 1798 419 1874 emensuris
441 1799 511 1872 iter
540 1800 704 1889 offundi,
740 1798 813 1873 istae
842 1814 961 1876 tamen
980 1799 1192 1894 diffipabun·

125 1909 192 1972 tur
220 1897 351 1989 facile,
390 1897 455 1972 ubi
489 1897 646 1992 plurium
676 1898 729 1972 uti
766 1899 894 1972 licebit
924 1900 1192 1997 experimento·

125 2016 212 2070 rum
230 1996 332 2085 lu'ce3
354 2008 484 2072 natura
505 1995 601 2070 enim
627 1995 689 2072 fibi
707 1993 843 2088 semper
859 1995 910 2070 est
933 1996 1077 2086 fimitis,
1105 1995 1193 2066 licet

125 2094 242 2168 nobis
260 2091 373 2188 supe,
401 2093 451 2166 ob
472 2092 744 2167 necessariarum
769 2093 945 2168 defectum
966 2091 1191 2167 observatio·

125 2212 241 2282 num,
260 2190 330 2264 ase
345 2188 529 2267 dissentire
545 2190 728 2279 videatur,
759 2189 1027 2266 Totius-autem
1043 2193 1096 2264 rei
1111 2187 1193 2261 fun·

126 2288 341 2364 dementum
358 2289 396 2364 in
411 2310 458 2363 eo
476 2289 578 2362 stum
600 2288 672 2373 est,
700 2287 798 2382 quod
816 2290 948 2382 plantae
968 2288 1098 2363 eodem
1113 2285 1192 2373 fere

123 2385 245 2464 modo
277 2385 347 2461 stse
373 2386 533 2462 habeant
563 2408 605 2460 ac
635 2387 783 2461 Vermis
808 2387 965 2463 Volvox
998 2386 1190 2484 globatur:

126 2482 231 2578 quod
249 2483 383 2580 singula
405 2484 496 2557 folia
517 2484 555 2558 in
581 2486 640 2559 sua
663 2482 716 2558 ala
743 2485 878 2558 habent
904 2485 990 2583 (nili
1016 2479 1193 2585 destruas

125 2574 290 2671 suerint)
306 2580 553 2676 suasgemmas
569 2581 627 2679 (id
644 2580 694 2657 est
707 2581 943 2675 primordium
963 2603 1071 2657 novo
1090 2582 1192 2675 plan·

125 2666 199 2771 ω)
225 2676 268 2754 in
283 2679 383 2754 usum
406 2679 524 2753 suturi
546 2681 653 2771 anni3
682 2679 716 2751 dt
742 2678 818 2751 haec
844 2680 1025 2771 posterior
1051 2697 1193 2774 gemma

125 2777 241 2850 etiam
273 2798 294 2850 e
323 2775 485 2850 foliis&
517 2798 643 2851 eorum
676 2776 792 2848 tertiae
824 2776 1012 2871 progeniei
1040 2773 1192 2871 gemmis

106 2872 335 2964 constabit,
363 2875 418 2948 hec
435 2873 570 2947 ultimae
590 2895 739 2970 gemmae
758 2892 835 2944 non
851 2874 923 2965 stne
945 2873 1045 2945 foliis
1063 2871 1098 2945 dt
1118 2872 1191 2946 suis

121 2970 334 3051 minoribus
350 2983 484 3065 quartae
500 2971 689 3071 progeniei
707 2969 857 3067 gemmis
870 2970 1019 3074 concipi
1030 2968 1189 3069 possunt,

125 3068 288 3145 &ficio
310 3069 455 3143 ceteris.
898 3099 901 3103 ·
996 3146 1000 3157 Χ

226 3162 386 3260 Quando
408 3167 478 3240 flos
502 3163 697 3259 nascitur„
714 3167 850 3240 abeunt
869 3165 963 3239 solia
984 3183 1190 3263 gemmacea

124 3262 215 3339 anni
236 3262 417 3357 sequentis
433 3263 472 3337 in
490 3263 670 3352 bratteas,
696 3265 794 3338 tertii
811 3264 850 3355 in
874 3267 1059 3356 calycem,
1085 3282 1188 3354 quar·

122 3361 221 3436 tiio
249 3361 395 3454 petala,
431 3361 548 3453 quinti
583 3361 620 3434 in
644 3362 815 3451 stamina,
850 3360 940 3435 sexti
966 3361 1004 3435 in
1033 3358 1188 3455 pistilla,

123 3456 226 3550 quod
250 3479 272 3531 a
291 3457 358 3553 satu
374 3457 574 3551 iudicatum
599 3458 835 3534 confirmatur
854 3457 1106 3553 aposteriori,
1130 3477 1187 3554 re-

123 3555 268 3633 tardata
303 3553 584 3630 fructificatione
621 3559 789 3650 incepta,
834 3577 918 3631 nam
951 3556 1081 3630 solium
1113 3554 1190 3634 stuc

196 3651 405 3754 primordio
430 3653 676 3751 vegetationis
702 3654 726 3731 s.
748 3671 893 3750 gemma
907 3653 1116 3751 'concipere

144 3754 147 3761 '
537 3772 613 3825 non
635 3751 786 3846 possum.

118 3892 127 3932 Ι
437 3890 880 3930 mun-ua—

621 3986 735 4135 u}
789 3986 793 3991 ’
980 4006 986 4016 ’
1040 3992 1190 4115 ,σκωζ
