2602 4716
353 238 561 317 POLlTlA
593 240 839 319 NATURAE.
1043 176 1059 207 ·
1077 248 1118 319 sl

60 422 136 495 aas
177 430 307 516 agunt
346 420 508 509 radices,
559 434 667 514 atque
706 422 802 495 inter
849 434 970 495 cetera
1014 444 1120 519 vege·

64 518 177 591 trbrlia
210 530 334 613 caput
363 520 566 609 extollunt,
603 540 717 611 eaque
752 540 773 591 a
806 522 976 615 procellis
1012 522 1119 593 vebe'·

62 616 335 703 attentioribus,
374 616 408 687 da
443 615 572 689 ardore
604 616 706 689 nimii
734 618 865 691 caloris
895 640 937 689 ac
962 618 1120 709 srignrir,

62 711 297 801 custodiunt,
322 732 407 785 rore
435 712 531 805 quasa
558 712 622 785 siro
644 734 694 784 ea·
711 712 935 797 humetlant,
961 712 991 785 d
1020 712 1120 789 soliis

60 808 122 883 suis
145 810 326 883 deciduis
356 810 523 883 alimenta
545 808 833 897 subministrant,
859 814 992 901 immo,
1019 812 1119 885 lusu·

59 907 168 980 riante
203 907 277 981 suo
316 909 563 993 incremento,
598 908 699 979 varia
728 910 891 1001 praebent
914 908 1117 983 commoda.

61 1002 144 1077 Suos
171 1028 334 1099 quoque
363 1006 497 1079 habent
524 1004 685 1078 Arbores
709 1004 1045 1109 PEDlSSEQUOS
1073 1026 1119 1077 ex

60 1100 193 1175 Muscis
214 1103 254 1175 dt
275 1102 400 1197 Alpis,
424 1102 577 1197 quibus,
607 1100 805 1196 splendoris
839 1104 986 1197 potius,
1012 1124 1119 1197 quam

61 1202 216 1293 propriae
279 1200 446 1273 utilitatis
498 1198 634 1283 caussa,
689 1200 905 1293 peculiarem
957 1204 1120 1295 prebent

62 1294 204 1371 vidum.
260 1296 321 1370 Ex
351 1296 406 1371 his
441 1298 550 1369 etiarn
584 1296 753 1369 omnibus
786 1298 952 1371 nonnulli
989 1298 1118 1371 incolae

61 1391 205 1467 diversas
233 1394 486 1489 praerogativis
517 1394 576 1467 seu
605 1394 806 1489 privilegiis
834 1418 853 1467 a
882 1410 1008 1469 natura
1040 1392 1119 1467 sunt

62 1490 233 1563 iustrudli.
289 1490 562 1565 Nonnullorum
591 1492 686 1563 enim
715 1491 909 1581 stationes,
936 1492 1145 1565 EXCl„U··

60 1586 174 1663 SlVO
205 1590 305 1681 quast
336 1588 415 1663 sunt
444 1586 737 1662 PRlVlLEGlO
764 1592 934 1681 munita,
967 1612 1013 1663 ne
1037 1590 1116 1683 quis

60 1704 119 1777 per
148 1686 232 1758 uim
268 1688 322 1759 eis
352 1685 419 1758 sese
444 1684 656 1757 immisceat:
681 1686 732 1757 illi
763 1710 854 1759 vero
878 1690 1116 1781 irrumpentes

60 1782 161 1855 facile
198 1797 340 1856 arcent.
397 1782 456 1855 Sic
481 1784 694 1855 Ranuncalur
724 1786 876 1871 Picaria,
910 1788 1037 1857 :tutan
1061 1810 1116 1855 ur·

53 1878 179 1973 sarua,
216 1884 348 1955 Senecio
370 1881 580 1976 fhrnemicus
609 1878 671 1951 sub
694 1878 898 1955 Fruticibus
931 1882 993 1953 lito
1021 1882 1116 1973 jure,

59 1999 135 2051 cum
166 1978 329 2055 aliorum
361 1978 568 2051 exclufione
609 1976 823 2071 germinant.
892 1980 1010 2052 Alema
1036 1998 1116 2077 pra·
1213 2018 1224 2041 ·

59 2076 147 2167 torfir
180 2076 223 2149 in
253 2074 474 2171 Juniperetis
506 2072 734 2169 privilegium
760 2076 925 2163 obtinet,
954 2092 1015 2169 ut,
1054 2074 1117 2147 ubl

63 2172 241 2261 edisserit,
279 2172 475 2267 iuniperus
528 2172 731 2245 communis
779 2172 907 2245 cedere
951 2188 1116 2270 cogatur,

60 2290 158 2363 teque
190 2292 236 2341 ac
274 2270 378 2343 Erice
406 2270 528 2363 Facis,
568 2282 611 2341 ut
643 2270 792 2363 propius
819 2268 991 2343 accedere
1016 2270 1116 2365 Fago

53 2364 163 2441 Esica
203 2387 285 2441 non
325 2368 475 2455 audeat,
517 2388 622 2461 quarn
659 2390 732 2459 quo
762 2366 820 2439 sua
847 2366 962 2457 Fatus
990 2382 1116 2443 exten·

52 2462 110 2537 dit
153 2463 319 2537 brachia.
403 2464 496 2537 Aliae
541 2464 694 2559 plante,
741 2462 972 2539 llllLl'l'UM
1018 2468 1114 2555 ritu,

53 2562 172 2635 variis
203 2559 379 2634 instrudlae
411 2560 494 2635 sunt
521 2560 628 2633 armis
659 2560 884 2651 acutillimis,
914 2580 954 2635 ut
983 2564 1114 2657 spinis,

54 2658 219 2746 aculeis,
264 2658 395 2749 iureis,
443 2656 616 2748 stimulis,
658 2657 747 2732 ficut
790 2662 958 2743 Caranus,
1007 2664 1113 2747 illes,

54 2756 152 2843 Iler,
190 2756 379 2845 Rhamnes,
421 2756 594 2841 Boleris,
636 2756 668 2827 dc
709 2756 883 2829 sexcentae
922 2758 1022 2847 aliar,
1065 2778 1115 2830 ne

56 2853 265 2925 mammalia
295 2852 397 2945 ipsis,
433 2851 558 2945 eisque
589 2851 753 2943 subjectis
791 2854 911 2925 herbis
945 2857 1019 2927 vim
1060 2856 1114 2929 iu·

56 2950 193 3023 ferant.
241 2950 469 3044 Vegetabilia
497 2950 589 3033 alia,
618 2952 697 3021 aliis
725 2950 817 3043 quast
846 2964 997 3025 utuntur
1019 2950 1113 3025 NU-

56 3045 274 3135 'l'RlTllS‚
304 3068 383 3120 cum
407 3068 473 3139 per
501 3045 535 3119 se
561 3045 739 3119 subsistere
764 3048 822 3119 vel
852 3050 993 3141 prorsus
1019 3072 1112 3139 non,

58 3146 121 3217 vel
160 3166 239 3217 nou
274 3143 354 3215 satis
396 3144 588 3217 commode
625 3143 662 3217 iu
694 3148 797 3215 terris
832 3146 988 3221 ualeant.
1053 3146 1114 3218 sic

62 3243 220 3338 Wscura,
249 3242 490 3335 Epidendrum,
517 3244 698 3327 Scurrula,
733 3242 927 3334 illusisse,
960 3246 1111 3331 caetrata,

61 3336 234 3437 Caffytlra,
259 3340 457 3425 Maenala,
483 3340 692 3425 Lorarrtlrus,
718 3338 750 3409 dt
774 3362 817 3411 cx
842 3352 943 3431 parte
966 3342 1113 3431 Hedera,

60 3438 222 3533 Bignonr'a
240 3440 411 3525 radicem,
436 3434 469 3508 dt
494 3454 571 3530 quo·
596 3432 676 3509 sunt
696 3436 828 3531 plures.

153 3655 189 3722 4.
220 3630 426 3730 Quodlibet
456 3632 619 3726 adeoque
645 3630 849 3727 vegetabile
877 3628 971 3723 justo
995 3626 1111 3701 serra·

64 3740 120 3800 tur
140 3728 354 3820 domicilio,
391 3748 436 3801 ne
470 3750 581 3803 unurn
616 3728 785 3803 extrudat
814 3730 985 3815 alterurn,
1008 3724 1042 3798 u
1065 3749 1112 3801 ex

65 3838 120 3897 tot
143 3828 325 3913 millibus,
368 3846 535 3903 numerus
567 3826 606 3901 in
633 3826 726 3901 locis
752 3825 895 3925 singulis
919 3823 1112 3899 admodum

62 3925 187 4002 evadat
207 3944 363 4022 parvus.
717 3954 723 3963 ·

593 4022 671 4119 ng
966 4019 1113 4114 errae
