2602 4716
49 263 52 269 ·
128 229 197 311 aaa
335 192 534 292 >maroli
565 215 955 298 vasrcuroruus.

138 452 164 511 Δ.
222 394 307 568 311³
332 397 477 471 ratione
502 395 556 480 ha,
579 417 679 470 acres
709 394 966 472 Cantharidum
993 397 1182 493 particula

123 513 204 571 vuu

243 514 324 568 uam
347 493 532 585 exserant,
563 495 658 566 unde
692 509 829 572 tantam
854 496 1096 569 obtinuerunt
1128 498 1182 571 fa·

124 613 240 683 mam,
276 613 377 684 aeque
414 592 523 666 nobis
556 589 612 664 est
647 590 834 686 ignotum,
868 615 932 680 ac,
965 615 1029 689 eur
1054 594 1180 672 succus

122 688 369 784 Euphorbiae,
402 688 531 762 eodem
558 688 671 761 modo
693 710 735 761 ac
764 712 839 778 eae,
864 689 1021 782 pustulas
1050 713 1180 786 opere-

124 784 209 863 tur?
242 784 406 876 Interea,
436 807 500 878 per
523 784 769 877 quotidianam
795 786 1095 881 infallibilemque
1118 812 1180 863 ex·

122 883 339 982 perientiam
364 880 542 957 certiffimi
569 883 708 972 sumus,
737 881 993 975 Cantharidum
1016 887 1092 958 uim
1111 885 1182 960 elle

120 981 399 1072 uehcatoriam,
425 1001 580 1074 easque,
617 982 713 1054 haud
739 981 843 1054 aliter
876 1004 918 1060 ae
945 980 1181 1058 subtilillimas

122 1080 350 1168 novaculas,
373 1078 541 1171 corporis
564 1075 694 1152 solidas
714 1093 837 1174 partes
854 1078 1044 1171 diffecare,
1071 1078 1181 1155 fibras

124 1177 280 1264 rodere,
321 1175 355 1249 dt
397 1173 479 1248 vasa
516 1174 736 1270 lymphatica
768 1177 1037 1268 perterebrare,
1071 1177 1182 1252 adeo·

125 1295 211 1369 que,
235 1274 446 1366 ubicunque
471 1271 588 1345 aditus
616 1273 733 1361 datur,
755 1272 1059 1349 inflammationes
1082 1275 1181 1349 exci-

121 1383 224 1457 τεῖος
252 1391 363 1463 quare
387 1369 496 1443 etiam
518 1390 638 1468 ,unum
661 1370 735 1442 hoc
756 1367 1063 1457 Medicamentum
1084 1372 1181 1447 inter

124 1467 276 1543 heroica
300 1464 523 1540 &violenta
547 1464 819 1558 reponendum,
844 1488 914 1540 nee
943 1467 1017 1543 fine
1045 1466 1182 1545 summa

121 1565 299 1641 cautione
325 1564 470 1636 interne
496 1554 766 1657 propinandum
787 1561 852 1640 est.
1148 1654 1152 1658 ἡ

119 1734 125 1743 -
174 1692 347 1867 tUSUS
381 1690 638 1768 Cantharidum
669 1691 803 1787 duplex
825 1693 911 1787 est,
949 1664 1116 1772 internur
1144 1696 1182 1772 de

123 1811 172 1871 ex
190 1812 309 1869 ernua

220 1910 486 1991 INTERNUS
503 1911 604 2004 usus,
626 1913 688 2007 qui
706 1911 800 2007 apud
824 1925 968 1987 veteres
987 1915 1102 2010 magis
1124 1937 1181 1992 re·

121 2008 255 2111 'ceptus
279 2013 372 2104 fuit,
396 2033 415 2084 a
432 2012 699 2085 recentioribus
718 2010 875 2084 Medicis
895 2013 1106 2106 plerumque
1125 2035 1181 2087 re·

123 2116 273 2210 jicimr,
297 2108 470 2204 quoniam
489 2107 599 2182 fidem
621 2130 805 2201 nunquam
822 2110 955 2184 habere
978 2123 1183 2203 potuerunt

124 2211 392 2287 medicamento
423 2205 583 2299 ejusdem
616 2206 774 2296 indolis,
815 2221 857 2278 ut
887 2228 1014 2281 omnes
1040 2221 1177 2301 partes,

125 2331 213 2402 quas
242 2306 408 2399 attingit,
432 2301 597 2401 dill‘eeet,
622 2316 857 2399 praeterquam
885 2304 982 2397 quod
1012 2305 1179 2398 apaueie

123 2408 163 2480 in
185 2404 341 2498 Hydrope
366 2400 548 2493 desperata
572 2399 807 2475 adhibeantur
826 2399 1076 2491 Cantharidea,
1093 2401 1179 2479 dum

7 2566 9 2570 .
123 2503 220 2578 haud
257 2501 362 2571 aliter
398 2519 441 2570 ae
481 2496 625 2570 iuterna
656 2497 917 2588 Paracentehs,
952 2497 1035 2574 vasa
1065 2498 1178 2593 Lym·

120 2599 271 2696 phatica
295 2594 492 2669 diliolvunt
506 2594 541 2666 δι
560 2607 720 2688 apertam
749 2597 847 2670 viam
869 2596 946 2670 sero
972 2619 1038 2692 per
1055 2599 1179 2672 alvum

125 2697 328 2770 veficamve
366 2692 547 2780 reddunt3
583 2713 692 2785 quare
723 2693 832 2767 etiam
871 2696 915 2767 ab
946 2693 1177 2769 Hoffmanno

124 2808 216 2868 tom.
236 2815 269 2887 3.
312 2815 350 2886 p.
370 2811 454 2880 54¹·
490 2789 585 2862 inter
615 2787 795 2883 specifica,
816 2792 853 2866 in
890 2790 1070 2887 Hydro'pe
1111 2813 1176 2866 nu·

119 2905 329 2979 merantur,
368 2886 560 2982 prasertim
601 2889 650 2960 oh
677 2889 752 2960 vim
783 2911 903 2962 earum
927 2890 1096 2965 summam
1137 2890 1177 2965 iu

119 2988 292 3084 pellenda
317 2987 421 3060 urina
450 2984 509 3058 seu
537 3007 629 3078 aqua
657 2985 965 3079 Hydropicorum.
1030 2987 1088 3062 Ex
1110 2989 1177 3061 ob·

121 3085 389 3163 servationihus
418 3097 538 3157 autem
557 3084 681 3176 Listeri
703 3083 893 3158 evidenter
909 3083 1064 3176 constat,
1083 3087 1177 3178 ejus·

123 3183 224 3260 modi
258 3182 451 3256 corrosiva
474 3181 598 3274 potius
634 3181 821 3272 palliativa
856 3181 1033 3274 dicenda,
1070 3203 1176 3275 quam

120 3303 213 3357 vera
243 3280 279 3354 da
306 3279 463 3375 genuina
488 3276 769 3364 medicamenta3
804 3281 1036 3371 quamobrem
1066 3284 1176 3373 etiam

123 3379 231 3476 agri,
266 3378 395 3470 quibua
426 3374 621 3450 Ellentiam
652 3372 908 3450 Cantharidum
939 3377 1175 3471 propinavit,

123 3477 235 3552 initio
263 3473 407 3568 quidem
438 3474 482 3545 ab
514 3471 721 3560 hia-malis,
748 3493 849 3563 aeque
880 3495 921 3547 ac
956 3473 1177 3568 paracenteli

125 3587 290 3661 externa,
308 3570 477 3645 nonnihil
493 3568 605 3642 levati
633 3569 757 3658 fuere;
783 3571 886 3642 brevi
909 3586 1029 3644 tamen
1048 3590 1177 3645 ornnes

123 3669 332 3746 inevitabili
361 3667 438 3741 fato
466 3666 727 3740 occubuerunt.
788 3666 886 3742 Dum
916 3667 1059 3742 interne
1087 3690 1175 3762 prae·

123 3769 357 3856 scribuntur,
412 3765 583 3839 omnibns
637 3763 953 3839 observationibus
1008 3765 1175 3854 constat,

124 3887 187 3946 eae
215 3864 391 3960 imprimis
426 3861 570 3960 aggredi
602 3860 681 3959 uias
712 3861 913 3959 urinaria,
935 3884 1045 3958 quere
1067 3865 1176 3976 etjam

1078 3975 1175 4037 mter
