<?xml version="1.0" encoding="UTF-8"?>
<!DOCTYPE html PUBLIC "-//W3C//DTD XHTML 1.0 Transitional//EN"
    "http://www.w3.org/TR/xhtml1/DTD/xhtml1-transitional.dtd">
<html xmlns="http://www.w3.org/1999/xhtml" xml:lang="en" lang="en">
 <head>
  <title>
</title>
<meta http-equiv="Content-Type" content="text/html;charset=utf-8" />
  <meta name='ocr-system' content='tesseract 3.04.00' />
  <meta name='ocr-capabilities' content='ocr_page ocr_carea ocr_par ocr_line ocrx_word'/>
</head>
<body>
  <div class='ocr_page' id='page_1' title='image "./carolialinnequi02schrgoog_0395.png"; bbox 0 0 2602 4716; ppageno 0'>
   <div class='ocr_carea' id='block_1_1' title="bbox 301 233 1160 336">
    <p class='ocr_par' dir='ltr' id='par_1_1' title="bbox 301 233 1160 336">
     <span class='ocr_line' id='line_1_1' title="bbox 301 233 1160 336; baseline 0.008 -21"><span class='ocrx_word' id='word_1_1' title='bbox 301 233 569 316; x_wconf 86' lang='lat' dir='ltr'>CENTURIA</span> <span class='ocrx_word' id='word_1_2' title='bbox 602 237 957 318; x_wconf 83' lang='lat' dir='ltr'><strong>INSECTORUM.</strong></span> <span class='ocrx_word' id='word_1_3' title='bbox 1088 248 1160 336; x_wconf 83' lang='lat'>389</span> 
     </span>
    </p>
   </div>
   <div class='ocr_carea' id='block_1_2' title="bbox 105 415 1162 1881">
    <p class='ocr_par' dir='ltr' id='par_1_2' title="bbox 105 415 1162 1881">
     <span class='ocr_line' id='line_1_2' title="bbox 105 415 1158 514; baseline -0.001 -23"><span class='ocrx_word' id='word_1_4' title='bbox 105 417 279 492; x_wconf 64' lang='lat' dir='ltr'>rationem</span> <span class='ocrx_word' id='word_1_5' title='bbox 308 419 477 514; x_wconf 87' lang='lat' dir='ltr'><strong>piamque</strong></span> <span class='ocrx_word' id='word_1_6' title='bbox 506 418 781 495; x_wconf 84' lang='lat' dir='ltr'>admirationem</span> <span class='ocrx_word' id='word_1_7' title='bbox 813 419 949 496; x_wconf 87' lang='lat' dir='ltr'>Summi</span> <span class='ocrx_word' id='word_1_8' title='bbox 979 415 1158 495; x_wconf 90' lang='lat' dir='ltr'>Condito·</span> 
     </span>
     <span class='ocr_line' id='line_1_3' title="bbox 105 514 1151 612; baseline 0.001 -22"><span class='ocrx_word' id='word_1_9' title='bbox 105 517 167 605; x_wconf 73' lang='lat' dir='ltr'>ris,</span> <span class='ocrx_word' id='word_1_10' title='bbox 195 529 299 589; x_wconf 89' lang='lat' dir='ltr'>totos</span> <span class='ocrx_word' id='word_1_11' title='bbox 322 539 391 590; x_wconf 88' lang='lat' dir='ltr'>nos</span> <span class='ocrx_word' id='word_1_12' title='bbox 408 518 676 592; x_wconf 83' lang='lat' dir='ltr'>convertant&amp;</span> <span class='ocrx_word' id='word_1_13' title='bbox 697 516 849 612; x_wconf 88' lang='lat' dir='ltr'>rapiant.</span> <span class='ocrx_word' id='word_1_14' title='bbox 941 514 970 592; x_wconf 80' lang='grc'>,’</span> <span class='ocrx_word' id='word_1_15' title='bbox 1147 592 1151 605; x_wconf 81' lang='grc'>,</span> 
     </span>
     <span class='ocr_line' id='line_1_4' title="bbox 112 610 1159 710; baseline -0.004 -23"><span class='ocrx_word' id='word_1_16' title='bbox 112 698 115 702; x_wconf 49' lang='grc'>,</span> <span class='ocrx_word' id='word_1_17' title='bbox 192 610 429 703; x_wconf 86' lang='lat' dir='ltr'>NOSTRA,</span> <span class='ocrx_word' id='word_1_18' title='bbox 468 617 639 706; x_wconf 84' lang='lat' dir='ltr'>quaejam</span> <span class='ocrx_word' id='word_1_19' title='bbox 667 616 805 710; x_wconf 86' lang='lat' dir='ltr'>agitur,</span> <span class='ocrx_word' id='word_1_20' title='bbox 839 615 991 708; x_wconf 82' lang='lat' dir='ltr'>Epoeha</span> <span class='ocrx_word' id='word_1_21' title='bbox 1016 624 1159 685; x_wconf 87' lang='lat' dir='ltr'>tantum</span> 
     </span>
     <span class='ocr_line' id='line_1_5' title="bbox 105 707 1160 806; baseline -0.006 -21"><span class='ocrx_word' id='word_1_22' title='bbox 105 714 138 789; x_wconf 89' lang='lat' dir='ltr'>in</span> <span class='ocrx_word' id='word_1_23' title='bbox 166 711 430 806; x_wconf 81' lang='lat' dir='ltr'>cognoscendis</span> <span class='ocrx_word' id='word_1_24' title='bbox 463 711 602 785; x_wconf 77' lang='lat' dir='ltr'>inseetis</span> <span class='ocrx_word' id='word_1_25' title='bbox 627 713 812 804; x_wconf 77' lang='lat' dir='ltr'>profecit,</span> <span class='ocrx_word' id='word_1_26' title='bbox 842 730 885 788; x_wconf 93' lang='lat' dir='ltr'>ut</span> <span class='ocrx_word' id='word_1_27' title='bbox 912 726 970 785; x_wconf 88' lang='lat' dir='ltr'>tot</span> <span class='ocrx_word' id='word_1_28' title='bbox 1003 709 1064 784; x_wconf 78' lang='lat' dir='ltr'>sabi</span> <span class='ocrx_word' id='word_1_29' title='bbox 1099 707 1160 802; x_wconf 68' lang='lat' dir='ltr'>ba·v</span> 
     </span>
     <span class='ocr_line' id='line_1_6' title="bbox 105 805 1159 905; baseline -0.007 -20"><span class='ocrx_word' id='word_1_30' title='bbox 105 815 187 885; x_wconf 90' lang='lat' dir='ltr'>beat</span> <span class='ocrx_word' id='word_1_31' title='bbox 212 807 427 883; x_wconf 72' lang='lat' dir='ltr'>insesiorum</span> <span class='ocrx_word' id='word_1_32' title='bbox 454 810 567 883; x_wconf 85' lang='lat' dir='ltr'>miliia</span> <span class='ocrx_word' id='word_1_33' title='bbox 601 810 803 904; x_wconf 79' lang='lat' dir='ltr'>perspetia,</span> <span class='ocrx_word' id='word_1_34' title='bbox 849 825 941 905; x_wconf 88' lang='lat' dir='ltr'>quot</span> <span class='ocrx_word' id='word_1_35' title='bbox 970 808 1069 884; x_wconf 86' lang='lat' dir='ltr'>orbis</span> <span class='ocrx_word' id='word_1_36' title='bbox 1102 805 1159 878; x_wconf 87' lang='lat' dir='ltr'>lit·</span> 
     </span>
     <span class='ocr_line' id='line_1_7' title="bbox 105 901 1160 1000; baseline -0.009 -17"><span class='ocrx_word' id='word_1_37' title='bbox 105 922 259 994; x_wconf 78' lang='lat' dir='ltr'>ceratus,</span> <span class='ocrx_word' id='word_1_38' title='bbox 299 920 385 982; x_wconf 83' lang='lat' dir='ltr'>ente</span> <span class='ocrx_word' id='word_1_39' title='bbox 418 906 603 982; x_wconf 90' lang='lat' dir='ltr'>dimidium</span> <span class='ocrx_word' id='word_1_40' title='bbox 636 901 782 983; x_wconf 83' lang='lat' dir='ltr'>circiter</span> <span class='ocrx_word' id='word_1_41' title='bbox 816 909 993 999; x_wconf 80' lang='lat' dir='ltr'>seculum,</span> <span class='ocrx_word' id='word_1_42' title='bbox 1028 923 1160 1000; x_wconf 90' lang='lat' dir='ltr'>perno-</span> 
     </span>
     <span class='ocr_line' id='line_1_8' title="bbox 105 1002 1160 1081; baseline -0.007 0"><span class='ocrx_word' id='word_1_43' title='bbox 105 1006 216 1081; x_wconf 78' lang='lat' dir='ltr'>sceret</span> <span class='ocrx_word' id='word_1_44' title='bbox 239 1004 434 1079; x_wconf 88' lang='lat' dir='ltr'>centurias.</span> <span class='ocrx_word' id='word_1_45' title='bbox 502 1003 592 1079; x_wconf 76' lang='lat' dir='ltr'>Hae</span> <span class='ocrx_word' id='word_1_46' title='bbox 618 1007 832 1080; x_wconf 86' lang='lat' dir='ltr'>animalcula</span> <span class='ocrx_word' id='word_1_47' title='bbox 865 1006 957 1078; x_wconf 87' lang='lat' dir='ltr'>adeo</span> <span class='ocrx_word' id='word_1_48' title='bbox 991 1002 1160 1078; x_wconf 85' lang='lat' dir='ltr'>ordinate</span> 
     </span>
     <span class='ocr_line' id='line_1_9' title="bbox 105 1099 1160 1199; baseline -0.007 -21"><span class='ocrx_word' id='word_1_49' title='bbox 105 1103 184 1178; x_wconf 92' lang='lat' dir='ltr'>sunt</span> <span class='ocrx_word' id='word_1_50' title='bbox 218 1099 408 1196; x_wconf 81' lang='lat' dir='ltr'>disposita,</span> <span class='ocrx_word' id='word_1_51' title='bbox 450 1102 660 1178; x_wconf 90' lang='lat' dir='ltr'>nominibus</span> <span class='ocrx_word' id='word_1_52' title='bbox 703 1104 905 1199; x_wconf 87' lang='lat' dir='ltr'>generieis,</span> <span class='ocrx_word' id='word_1_53' title='bbox 948 1099 1160 1177; x_wconf 65' lang='lat' dir='ltr'>chareberi-</span> 
     </span>
     <span class='ocr_line' id='line_1_10' title="bbox 105 1197 1160 1296; baseline -0.006 -20"><span class='ocrx_word' id='word_1_54' title='bbox 105 1203 193 1291; x_wconf 85' lang='lat' dir='ltr'>bus,</span> <span class='ocrx_word' id='word_1_55' title='bbox 237 1197 455 1274; x_wconf 76' lang='lat' dir='ltr'>differentiis</span> <span class='ocrx_word' id='word_1_56' title='bbox 491 1198 689 1295; x_wconf 84' lang='lat' dir='ltr'>specificis,</span> <span class='ocrx_word' id='word_1_57' title='bbox 732 1200 943 1296; x_wconf 86' lang='lat' dir='ltr'>synonymis</span> <span class='ocrx_word' id='word_1_58' title='bbox 980 1199 1160 1292; x_wconf 90' lang='lat' dir='ltr'>denique,</span> 
     </span>
     <span class='ocr_line' id='line_1_11' title="bbox 105 1294 1160 1394; baseline -0.004 -23"><span class='ocrx_word' id='word_1_59' title='bbox 105 1299 139 1374; x_wconf 87' lang='lat' dir='ltr'>in</span> <span class='ocrx_word' id='word_1_60' title='bbox 168 1297 345 1394; x_wconf 76' lang='lat' dir='ltr'>systemate</span> <span class='ocrx_word' id='word_1_61' title='bbox 367 1299 510 1372; x_wconf 79' lang='lat' dir='ltr'>Natum</span> <span class='ocrx_word' id='word_1_62' title='bbox 537 1296 588 1371; x_wconf 89' lang='lat' dir='ltr'>N.</span> <span class='ocrx_word' id='word_1_63' title='bbox 616 1296 664 1371; x_wconf 91' lang='lat' dir='ltr'>D.</span> <span class='ocrx_word' id='word_1_64' title='bbox 693 1298 872 1389; x_wconf 83' lang='lat' dir='ltr'>Praesrdis,</span> <span class='ocrx_word' id='word_1_65' title='bbox 908 1298 1071 1372; x_wconf 85' lang='lat' dir='ltr'>editione</span> <span class='ocrx_word' id='word_1_66' title='bbox 1100 1294 1160 1367; x_wconf 90' lang='lat' dir='ltr'>de·</span> 
     </span>
     <span class='ocr_line' id='line_1_12' title="bbox 105 1391 1161 1493; baseline -0.008 -22"><span class='ocrx_word' id='word_1_67' title='bbox 105 1397 220 1486; x_wconf 86' lang='lat' dir='ltr'>ciana,</span> <span class='ocrx_word' id='word_1_68' title='bbox 245 1407 289 1470; x_wconf 89' lang='lat' dir='ltr'>ut</span> <span class='ocrx_word' id='word_1_69' title='bbox 311 1394 406 1470; x_wconf 89' lang='lat' dir='ltr'>haud</span> <span class='ocrx_word' id='word_1_70' title='bbox 430 1396 548 1471; x_wconf 89' lang='lat' dir='ltr'>multo</span> <span class='ocrx_word' id='word_1_71' title='bbox 577 1395 659 1491; x_wconf 78' lang='lat' dir='ltr'>post</span> <span class='ocrx_word' id='word_1_72' title='bbox 689 1397 822 1489; x_wconf 87' lang='lat' dir='ltr'>plantis</span> <span class='ocrx_word' id='word_1_73' title='bbox 848 1396 947 1493; x_wconf 78' lang='lat' dir='ltr'>ipsis,</span> <span class='ocrx_word' id='word_1_74' title='bbox 982 1394 1072 1470; x_wconf 88' lang='lat' dir='ltr'>nibil</span> <span class='ocrx_word' id='word_1_75' title='bbox 1099 1391 1161 1464; x_wconf 87' lang='lat' dir='ltr'>vel</span> 
     </span>
     <span class='ocr_line' id='line_1_13' title="bbox 105 1490 1160 1590; baseline -0.007 -22"><span class='ocrx_word' id='word_1_76' title='bbox 105 1515 229 1590; x_wconf 83' lang='lat' dir='ltr'>parum</span> <span class='ocrx_word' id='word_1_77' title='bbox 260 1506 381 1583; x_wconf 90' lang='lat' dir='ltr'>certe,</span> <span class='ocrx_word' id='word_1_78' title='bbox 414 1494 566 1582; x_wconf 86' lang='lat' dir='ltr'>cedant,</span> <span class='ocrx_word' id='word_1_79' title='bbox 599 1493 634 1566; x_wconf 82' lang='lat' dir='ltr'>dr</span> <span class='ocrx_word' id='word_1_80' title='bbox 660 1494 915 1582; x_wconf 90' lang='lat' dir='ltr'>multitudine,</span> <span class='ocrx_word' id='word_1_81' title='bbox 949 1490 1160 1579; x_wconf 79' lang='lat' dir='ltr'>dr,ordine,</span> 
     </span>
     <span class='ocr_line' id='line_1_14' title="bbox 105 1589 1161 1686; baseline -0.006 -20"><span class='ocrx_word' id='word_1_82' title='bbox 105 1612 213 1686; x_wconf 81' lang='lat' dir='ltr'>quem</span> <span class='ocrx_word' id='word_1_83' title='bbox 236 1590 405 1664; x_wconf 87' lang='lat' dir='ltr'>Botanici</span> <span class='ocrx_word' id='word_1_84' title='bbox 429 1589 704 1665; x_wconf 79' lang='lat' dir='ltr'>numeiofiffimi</span> <span class='ocrx_word' id='word_1_85' title='bbox 722 1592 782 1665; x_wconf 93' lang='lat' dir='ltr'>diu</span> <span class='ocrx_word' id='word_1_86' title='bbox 806 1594 955 1666; x_wconf 88' lang='lat' dir='ltr'>mustum</span> <span class='ocrx_word' id='word_1_87' title='bbox 986 1591 1021 1664; x_wconf 81' lang='lat' dir='ltr'>dr</span> <span class='ocrx_word' id='word_1_88' title='bbox 1044 1590 1161 1663; x_wconf 87' lang='lat' dir='ltr'>multo</span> 
     </span>
     <span class='ocr_line' id='line_1_15' title="bbox 105 1686 1161 1783; baseline -0.007 -18"><span class='ocrx_word' id='word_1_89' title='bbox 105 1690 230 1765; x_wconf 77' lang='lat' dir='ltr'>labore</span> <span class='ocrx_word' id='word_1_90' title='bbox 263 1688 512 1782; x_wconf 80' lang='lat' dir='ltr'>quaefiverunt.</span> <span class='ocrx_word' id='word_1_91' title='bbox 577 1688 677 1762; x_wconf 82' lang='lat' dir='ltr'>Ante</span> <span class='ocrx_word' id='word_1_92' title='bbox 701 1688 887 1764; x_wconf 86' lang='lat' dir='ltr'>dimidium</span> <span class='ocrx_word' id='word_1_93' title='bbox 913 1690 945 1762; x_wconf 80' lang='lat' dir='ltr'>u</span> <span class='ocrx_word' id='word_1_94' title='bbox 973 1686 1069 1783; x_wconf 90' lang='lat' dir='ltr'>quod</span> <span class='ocrx_word' id='word_1_95' title='bbox 1100 1708 1161 1759; x_wconf 78' lang='lat' dir='ltr'>ex·</span> 
     </span>
     <span class='ocr_line' id='line_1_16' title="bbox 105 1783 1162 1881; baseline -0.005 -19"><span class='ocrx_word' id='word_1_96' title='bbox 105 1785 219 1862; x_wconf 87' lang='lat' dir='ltr'>currit</span> <span class='ocrx_word' id='word_1_97' title='bbox 233 1783 412 1879; x_wconf 88' lang='lat' dir='ltr'>seculum,</span> <span class='ocrx_word' id='word_1_98' title='bbox 439 1787 509 1859; x_wconf 91' lang='lat' dir='ltr'>viri</span> <span class='ocrx_word' id='word_1_99' title='bbox 526 1785 674 1860; x_wconf 88' lang='lat' dir='ltr'>scientia</span> <span class='ocrx_word' id='word_1_100' title='bbox 699 1787 876 1862; x_wconf 90' lang='lat' dir='ltr'>Botanica</span> <span class='ocrx_word' id='word_1_101' title='bbox 902 1785 1065 1881; x_wconf 81' lang='lat' dir='ltr'>alioquin</span> <span class='ocrx_word' id='word_1_102' title='bbox 1090 1786 1162 1860; x_wconf 84' lang='lat' dir='ltr'>cia·</span> 
     </span>
    </p>
   </div>
   <div class='ocr_carea' id='block_1_3' title="bbox 105 1883 1270 1978">
    <p class='ocr_par' dir='ltr' id='par_1_3' title="bbox 105 1883 1270 1978">
     <span class='ocr_line' id='line_1_17' title="bbox 105 1883 1270 1978; baseline -0.006 -18"><span class='ocrx_word' id='word_1_103' title='bbox 105 1883 248 1974; x_wconf 86' lang='lat' dir='ltr'>rissimi,</span> <span class='ocrx_word' id='word_1_104' title='bbox 302 1885 403 1975; x_wconf 86' lang='lat' dir='ltr'>alto,</span> <span class='ocrx_word' id='word_1_105' title='bbox 448 1883 545 1978; x_wconf 90' lang='lat' dir='ltr'>quod</span> <span class='ocrx_word' id='word_1_106' title='bbox 586 1884 712 1976; x_wconf 89' lang='lat' dir='ltr'>ajunt,</span> <span class='ocrx_word' id='word_1_107' title='bbox 755 1884 947 1978; x_wconf 88' lang='lat' dir='ltr'>supercilio</span> <span class='ocrx_word' id='word_1_108' title='bbox 990 1885 1162 1957; x_wconf 86' lang='lat' dir='ltr'>minimos</span> <span class='ocrx_word' id='word_1_109' title='bbox 1265 1946 1270 1953; x_wconf 83' lang='lat'>.</span> 
     </span>
    </p>
   </div>
   <div class='ocr_carea' id='block_1_4' title="bbox 105 1979 1168 3928">
    <p class='ocr_par' dir='ltr' id='par_1_4' title="bbox 105 1979 1166 3343">
     <span class='ocr_line' id='line_1_18' title="bbox 105 1979 1161 2076; baseline -0.005 -19"><span class='ocrx_word' id='word_1_110' title='bbox 105 1980 345 2076; x_wconf 84' lang='lat' dir='ltr'>despexerunt</span> <span class='ocrx_word' id='word_1_111' title='bbox 367 1980 532 2069; x_wconf 89' lang='lat' dir='ltr'>muscos,</span> <span class='ocrx_word' id='word_1_112' title='bbox 559 1980 619 2074; x_wconf 89' lang='lat' dir='ltr'>qui</span> <span class='ocrx_word' id='word_1_113' title='bbox 650 1994 754 2055; x_wconf 88' lang='lat' dir='ltr'>tanto</span> <span class='ocrx_word' id='word_1_114' title='bbox 780 1982 889 2055; x_wconf 85' lang='lat' dir='ltr'>bodie</span> <span class='ocrx_word' id='word_1_115' title='bbox 914 1981 1034 2075; x_wconf 78' lang='lat' dir='ltr'>pretio</span> <span class='ocrx_word' id='word_1_116' title='bbox 1060 1979 1161 2052; x_wconf 83' lang='lat' dir='ltr'>inve·</span> 
     </span>
     <span class='ocr_line' id='line_1_19' title="bbox 105 2077 1163 2171; baseline -0.008 -17"><span class='ocrx_word' id='word_1_117' title='bbox 105 2082 273 2171; x_wconf 85' lang='lat' dir='ltr'>suerunt,</span> <span class='ocrx_word' id='word_1_118' title='bbox 304 2077 623 2166; x_wconf 82' lang='lat' dir='ltr'>&amp;aestimatione,</span> <span class='ocrx_word' id='word_1_119' title='bbox 657 2093 700 2152; x_wconf 93' lang='lat' dir='ltr'>ut</span> <span class='ocrx_word' id='word_1_120' title='bbox 726 2080 981 2154; x_wconf 88' lang='lat' dir='ltr'>celeberrimus</span> <span class='ocrx_word' id='word_1_121' title='bbox 1011 2078 1163 2170; x_wconf 86' lang='lat' dir='ltr'>quisque</span> 
     </span>
     <span class='ocr_line' id='line_1_20' title="bbox 105 2170 1163 2271; baseline -0.01 -17"><span class='ocrx_word' id='word_1_122' title='bbox 105 2176 327 2268; x_wconf 75' lang='lat' dir='ltr'>Bonamicus,</span> <span class='ocrx_word' id='word_1_123' title='bbox 363 2198 502 2252; x_wconf 87' lang='lat' dir='ltr'>novum</span> <span class='ocrx_word' id='word_1_124' title='bbox 535 2176 703 2270; x_wconf 85' lang='lat' dir='ltr'>detegere</span> <span class='ocrx_word' id='word_1_125' title='bbox 733 2175 909 2271; x_wconf 74' lang='lat' dir='ltr'>potuisse,</span> <span class='ocrx_word' id='word_1_126' title='bbox 943 2172 1069 2271; x_wconf 77' lang='lat' dir='ltr'>insigni</span> <span class='ocrx_word' id='word_1_127' title='bbox 1099 2170 1163 2246; x_wconf 86' lang='lat' dir='ltr'>fibi</span> 
     </span>
     <span class='ocr_line' id='line_1_21' title="bbox 105 2271 1163 2369; baseline -0.009 -19"><span class='ocrx_word' id='word_1_128' title='bbox 105 2273 241 2350; x_wconf 87' lang='lat' dir='ltr'>honori</span> <span class='ocrx_word' id='word_1_129' title='bbox 266 2274 385 2349; x_wconf 75' lang='lat' dir='ltr'>ducat</span> <span class='ocrx_word' id='word_1_130' title='bbox 442 2273 579 2369; x_wconf 84' lang='lat' dir='ltr'>Gregea</span> <span class='ocrx_word' id='word_1_131' title='bbox 603 2271 818 2358; x_wconf 79' lang='lat' dir='ltr'>insetiorum</span> <span class='ocrx_word' id='word_1_132' title='bbox 844 2275 1030 2349; x_wconf 88' lang='lat' dir='ltr'>veteribus</span> <span class='ocrx_word' id='word_1_133' title='bbox 1058 2283 1163 2345; x_wconf 89' lang='lat' dir='ltr'>tanto</span> 
     </span>
     <span class='ocr_line' id='line_1_22' title="bbox 105 2367 1163 2465; baseline -0.008 -17"><span class='ocrx_word' id='word_1_134' title='bbox 105 2373 255 2448; x_wconf 88' lang='lat' dir='ltr'>suemnt</span> <span class='ocrx_word' id='word_1_135' title='bbox 291 2370 460 2463; x_wconf 82' lang='lat' dir='ltr'>fastidio,</span> <span class='ocrx_word' id='word_1_136' title='bbox 507 2386 650 2465; x_wconf 80' lang='lat' dir='ltr'>quante</span> <span class='ocrx_word' id='word_1_137' title='bbox 690 2373 911 2448; x_wconf 79' lang='lat' dir='ltr'>aemulationi</span> <span class='ocrx_word' id='word_1_138' title='bbox 948 2367 1163 2447; x_wconf 89' lang='lat' dir='ltr'>recentiori-</span> 
     </span>
     <span class='ocr_line' id='line_1_23' title="bbox 105 2468 1163 2564; baseline -0.002 -20"><span class='ocrx_word' id='word_1_139' title='bbox 105 2471 195 2557; x_wconf 89' lang='lat' dir='ltr'>bus,</span> <span class='ocrx_word' id='word_1_140' title='bbox 221 2471 473 2564; x_wconf 73' lang='lat' dir='ltr'>novaquaevis</span> <span class='ocrx_word' id='word_1_141' title='bbox 493 2468 683 2564; x_wconf 84' lang='lat' dir='ltr'>indagandi</span> <span class='ocrx_word' id='word_1_142' title='bbox 709 2469 851 2549; x_wconf 78' lang='lat' dir='ltr'>insede.</span> <span class='ocrx_word' id='word_1_143' title='bbox 902 2469 1050 2548; x_wconf 86' lang='lat' dir='ltr'>Nostris</span> <span class='ocrx_word' id='word_1_144' title='bbox 1074 2479 1163 2542; x_wconf 89' lang='lat' dir='ltr'>tem·</span> 
     </span>
     <span class='ocr_line' id='line_1_24' title="bbox 105 2564 1163 2664; baseline -0.004 -23"><span class='ocrx_word' id='word_1_145' title='bbox 105 2569 280 2664; x_wconf 85' lang='lat' dir='ltr'>poribus,</span> <span class='ocrx_word' id='word_1_146' title='bbox 331 2567 522 2662; x_wconf 85' lang='lat' dir='ltr'>quodlibet</span> <span class='ocrx_word' id='word_1_147' title='bbox 570 2565 729 2662; x_wconf 80' lang='lat' dir='ltr'>Europe</span> <span class='ocrx_word' id='word_1_148' title='bbox 776 2592 949 2664; x_wconf 88' lang='lat' dir='ltr'>regnum,</span> <span class='ocrx_word' id='word_1_149' title='bbox 999 2564 1163 2662; x_wconf 87' lang='lat' dir='ltr'>plurimis</span> 
     </span>
     <span class='ocr_line' id='line_1_25' title="bbox 105 2660 1165 2763; baseline -0.006 -22"><span class='ocrx_word' id='word_1_150' title='bbox 105 2665 300 2761; x_wconf 83' lang='lat' dir='ltr'>magnique</span> <span class='ocrx_word' id='word_1_151' title='bbox 337 2665 498 2740; x_wconf 91' lang='lat' dir='ltr'>nominis</span> <span class='ocrx_word' id='word_1_152' title='bbox 531 2677 666 2737; x_wconf 83' lang='lat' dir='ltr'>nature</span> <span class='ocrx_word' id='word_1_153' title='bbox 705 2663 880 2742; x_wconf 83' lang='lat' dir='ltr'>consultis</span> <span class='ocrx_word' id='word_1_154' title='bbox 922 2666 1097 2763; x_wconf 86' lang='lat' dir='ltr'>gloriatur</span> <span class='ocrx_word' id='word_1_155' title='bbox 1129 2660 1165 2735; x_wconf 82' lang='lat' dir='ltr'>dr</span> 
     </span>
     <span class='ocr_line' id='line_1_26' title="bbox 105 2762 1163 2856; baseline -0.004 -19"><span class='ocrx_word' id='word_1_156' title='bbox 105 2762 288 2856; x_wconf 85' lang='lat' dir='ltr'>superbit,</span> <span class='ocrx_word' id='word_1_157' title='bbox 329 2763 390 2855; x_wconf 88' lang='lat' dir='ltr'>qui</span> <span class='ocrx_word' id='word_1_158' title='bbox 421 2766 576 2835; x_wconf 81' lang='lat' dir='ltr'>‘omnem</span> <span class='ocrx_word' id='word_1_159' title='bbox 617 2782 787 2855; x_wconf 81' lang='lat' dir='ltr'>operam,</span> <span class='ocrx_word' id='word_1_160' title='bbox 837 2762 988 2837; x_wconf 89' lang='lat' dir='ltr'>studium</span> <span class='ocrx_word' id='word_1_161' title='bbox 1031 2782 1163 2847; x_wconf 85' lang='lat' dir='ltr'>omne,</span> 
     </span>
     <span class='ocr_line' id='line_1_27' title="bbox 105 2857 1164 2955; baseline -0.007 -18"><span class='ocrx_word' id='word_1_162' title='bbox 105 2860 219 2937; x_wconf 89' lang='lat' dir='ltr'>novis</span> <span class='ocrx_word' id='word_1_163' title='bbox 257 2860 375 2955; x_wconf 85' lang='lat' dir='ltr'>copiis</span> <span class='ocrx_word' id='word_1_164' title='bbox 410 2858 625 2948; x_wconf 84' lang='lat' dir='ltr'>scribendis,</span> <span class='ocrx_word' id='word_1_165' title='bbox 670 2859 704 2931; x_wconf 83' lang='lat' dir='ltr'>dt</span> <span class='ocrx_word' id='word_1_166' title='bbox 738 2859 950 2937; x_wconf 69' lang='lat' dir='ltr'>insectorum</span> <span class='ocrx_word' id='word_1_167' title='bbox 986 2857 1164 2934; x_wconf 82' lang='lat' dir='ltr'>exercitui</span> 
     </span>
     <span class='ocr_line' id='line_1_28' title="bbox 105 2958 1165 3053; baseline -0.002 -23"><span class='ocrx_word' id='word_1_168' title='bbox 105 2958 321 3053; x_wconf 83' lang='lat' dir='ltr'>jungendis,</span> <span class='ocrx_word' id='word_1_169' title='bbox 357 2971 506 3031; x_wconf 83' lang='lat' dir='ltr'>navant.</span> <span class='ocrx_word' id='word_1_170' title='bbox 580 2958 706 3051; x_wconf 74' lang='lat' dir='ltr'>Scopuli</span> <span class='ocrx_word' id='word_1_171' title='bbox 738 2959 851 3033; x_wconf 81' lang='lat' dir='ltr'>Fauno</span> <span class='ocrx_word' id='word_1_172' title='bbox 885 2963 1065 3034; x_wconf 79' lang='lat' dir='ltr'>Cnrrriob‘ra</span> <span class='ocrx_word' id='word_1_173' title='bbox 1093 2976 1165 3030; x_wconf 89' lang='lat' dir='ltr'>una</span> 
     </span>
     <span class='ocr_line' id='line_1_29' title="bbox 105 3054 1166 3150; baseline -0.006 -19"><span class='ocrx_word' id='word_1_174' title='bbox 105 3075 193 3131; x_wconf 82' lang='lat' dir='ltr'>cum</span> <span class='ocrx_word' id='word_1_175' title='bbox 231 3056 360 3130; x_wconf 75' lang='lat' dir='ltr'>cotani</span> <span class='ocrx_word' id='word_1_176' title='bbox 389 3056 502 3129; x_wconf 82' lang='lat' dir='ltr'>Fauna</span> <span class='ocrx_word' id='word_1_177' title='bbox 543 3054 786 3150; x_wconf 76' lang='lat' dir='ltr'>Mmspelienss,</span> <span class='ocrx_word' id='word_1_178' title='bbox 833 3079 980 3149; x_wconf 87' lang='lat' dir='ltr'>quarum</span> <span class='ocrx_word' id='word_1_179' title='bbox 1013 3069 1166 3146; x_wconf 82' lang='lat' dir='ltr'>utraque</span> 
     </span>
     <span class='ocr_line' id='line_1_30' title="bbox 105 3152 1166 3248; baseline 0.004 -22"><span class='ocrx_word' id='word_1_180' title='bbox 105 3153 211 3248; x_wconf 86' lang='lat' dir='ltr'>plura</span> <span class='ocrx_word' id='word_1_181' title='bbox 244 3173 342 3226; x_wconf 85' lang='lat' dir='ltr'>nova</span> <span class='ocrx_word' id='word_1_182' title='bbox 374 3152 502 3225; x_wconf 75' lang='lat' dir='ltr'>inseiia</span> <span class='ocrx_word' id='word_1_183' title='bbox 536 3153 644 3225; x_wconf 87' lang='lat' dir='ltr'>nobis</span> <span class='ocrx_word' id='word_1_184' title='bbox 678 3154 881 3246; x_wconf 85' lang='lat' dir='ltr'>promittit,</span> <span class='ocrx_word' id='word_1_185' title='bbox 922 3153 1166 3230; x_wconf 81' lang='lat' dir='ltr'>communiter</span> 
     </span>
     <span class='ocr_line' id='line_1_31' title="bbox 105 3248 539 3343; baseline -0.009 -20"><span class='ocrx_word' id='word_1_186' title='bbox 105 3249 140 3323; x_wconf 83' lang='lat' dir='ltr'>dr</span> <span class='ocrx_word' id='word_1_187' title='bbox 156 3248 265 3323; x_wconf 84' lang='lat' dir='ltr'>avide</span> <span class='ocrx_word' id='word_1_188' title='bbox 282 3248 539 3343; x_wconf 73' lang='lat' dir='ltr'>exspetiantur.</span> 
     </span>
    </p>

    <p class='ocr_par' dir='ltr' id='par_1_5' title="bbox 105 3344 1168 3928">
     <span class='ocr_line' id='line_1_32' title="bbox 202 3344 1165 3433; baseline 0 -12"><span class='ocrx_word' id='word_1_189' title='bbox 202 3347 261 3421; x_wconf 82' lang='lat' dir='ltr'>Ad</span> <span class='ocrx_word' id='word_1_190' title='bbox 298 3349 390 3421; x_wconf 83' lang='lat' dir='ltr'>hant</span> <span class='ocrx_word' id='word_1_191' title='bbox 436 3346 689 3433; x_wconf 84' lang='lat' dir='ltr'>Academiam,</span> <span class='ocrx_word' id='word_1_192' title='bbox 736 3347 774 3422; x_wconf 95' lang='lat' dir='ltr'>in</span> <span class='ocrx_word' id='word_1_193' title='bbox 814 3349 998 3424; x_wconf 89' lang='lat' dir='ltr'>literarum</span> <span class='ocrx_word' id='word_1_194' title='bbox 1040 3344 1165 3423; x_wconf 88' lang='lat' dir='ltr'>studiis</span> 
     </span>
     <span class='ocr_line' id='line_1_33' title="bbox 105 3443 1167 3537; baseline 0.002 -19"><span class='ocrx_word' id='word_1_195' title='bbox 105 3443 191 3518; x_wconf 91' lang='lat' dir='ltr'>dum</span> <span class='ocrx_word' id='word_1_196' title='bbox 218 3445 365 3534; x_wconf 87' lang='lat' dir='ltr'>versor,</span> <span class='ocrx_word' id='word_1_197' title='bbox 396 3443 507 3534; x_wconf 90' lang='lat' dir='ltr'>duas,</span> <span class='ocrx_word' id='word_1_198' title='bbox 547 3468 618 3537; x_wconf 81' lang='lat' dir='ltr'>prae</span> <span class='ocrx_word' id='word_1_199' title='bbox 644 3448 774 3519; x_wconf 84' lang='lat' dir='ltr'>ceteris</span> <span class='ocrx_word' id='word_1_200' title='bbox 802 3445 1045 3535; x_wconf 85' lang='lat' dir='ltr'>addiscendis,</span> <span class='ocrx_word' id='word_1_201' title='bbox 1079 3465 1167 3520; x_wconf 85' lang='lat' dir='ltr'>eura</span> 
     </span>
     <span class='ocr_line' id='line_1_34' title="bbox 105 3541 1166 3639; baseline 0 -23"><span class='ocrx_word' id='word_1_202' title='bbox 105 3541 139 3616; x_wconf 81' lang='lat' dir='ltr'>dt</span> <span class='ocrx_word' id='word_1_203' title='bbox 166 3545 393 3632; x_wconf 87' lang='lat' dir='ltr'>attentione,</span> <span class='ocrx_word' id='word_1_204' title='bbox 420 3566 488 3635; x_wconf 85' lang='lat' dir='ltr'>qua</span> <span class='ocrx_word' id='word_1_205' title='bbox 514 3541 657 3636; x_wconf 81' lang='lat' dir='ltr'>possim,</span> <span class='ocrx_word' id='word_1_206' title='bbox 691 3543 894 3637; x_wconf 86' lang='lat' dir='ltr'>disciplinas</span> <span class='ocrx_word' id='word_1_207' title='bbox 921 3544 1081 3639; x_wconf 86' lang='lat' dir='ltr'>proponi</span> <span class='ocrx_word' id='word_1_208' title='bbox 1103 3563 1166 3616; x_wconf 86' lang='lat' dir='ltr'>ex·</span> 
     </span>
     <span class='ocr_line' id='line_1_35' title="bbox 105 3639 1168 3730; baseline 0 -18"><span class='ocrx_word' id='word_1_209' title='bbox 105 3639 238 3730; x_wconf 84' lang='lat' dir='ltr'>audio,</span> <span class='ocrx_word' id='word_1_210' title='bbox 279 3639 499 3715; x_wconf 82' lang='lat' dir='ltr'>Medicinam</span> <span class='ocrx_word' id='word_1_211' title='bbox 531 3640 687 3726; x_wconf 83' lang='lat' dir='ltr'>scilicet,</span> <span class='ocrx_word' id='word_1_212' title='bbox 727 3641 981 3716; x_wconf 85' lang='lat' dir='ltr'>&amp;Historiam</span> <span class='ocrx_word' id='word_1_213' title='bbox 1008 3643 1168 3717; x_wconf 90' lang='lat' dir='ltr'>Natura·</span> 
     </span>
     <span class='ocr_line' id='line_1_36' title="bbox 105 3736 1165 3835; baseline -0.001 -24"><span class='ocrx_word' id='word_1_214' title='bbox 105 3739 187 3812; x_wconf 87' lang='lat' dir='ltr'>sem.</span> <span class='ocrx_word' id='word_1_215' title='bbox 256 3736 376 3830; x_wconf 73' lang='lat' dir='ltr'>Hujus</span> <span class='ocrx_word' id='word_1_216' title='bbox 410 3739 613 3832; x_wconf 83' lang='lat' dir='ltr'>particula,</span> <span class='ocrx_word' id='word_1_217' title='bbox 653 3739 698 3810; x_wconf 88' lang='lat' dir='ltr'>de</span> <span class='ocrx_word' id='word_1_218' title='bbox 729 3737 896 3828; x_wconf 70' lang='lat' dir='ltr'>Inferiis,</span> <span class='ocrx_word' id='word_1_219' title='bbox 936 3741 1007 3816; x_wconf 88' lang='lat' dir='ltr'>illis</span> <span class='ocrx_word' id='word_1_220' title='bbox 1041 3743 1165 3835; x_wconf 84' lang='lat' dir='ltr'>jn‘xta,</span> 
     </span>
     <span class='ocr_line' id='line_1_37' title="bbox 105 3835 1165 3928; baseline 0.001 -20"><span class='ocrx_word' id='word_1_221' title='bbox 105 3857 185 3927; x_wconf 81' lang='lat' dir='ltr'>quae</span> <span class='ocrx_word' id='word_1_222' title='bbox 211 3835 373 3910; x_wconf 88' lang='lat' dir='ltr'>nondum</span> <span class='ocrx_word' id='word_1_223' title='bbox 401 3836 503 3910; x_wconf 89' lang='lat' dir='ltr'>fuere</span> <span class='ocrx_word' id='word_1_224' title='bbox 535 3836 739 3928; x_wconf 83' lang='lat' dir='ltr'>diuulgata,</span> <span class='ocrx_word' id='word_1_225' title='bbox 776 3837 978 3912; x_wconf 81' lang='lat' dir='ltr'>accuratius</span> <span class='ocrx_word' id='word_1_226' title='bbox 1004 3835 1165 3924; x_wconf 85' lang='lat' dir='ltr'>notatis,</span> 
     </span>
    </p>
   </div>
   <div class='ocr_carea' id='block_1_5' title="bbox 105 3930 1166 4127">
    <p class='ocr_par' dir='ltr' id='par_1_6' title="bbox 105 3930 1166 4127">
     <span class='ocr_line' id='line_1_38' title="bbox 105 3930 1166 4105; baseline -0.006 -96"><span class='ocrx_word' id='word_1_227' title='bbox 105 3933 411 4010; x_wconf 77' lang='lat' dir='ltr'>oblectamentum</span> <span class='ocrx_word' id='word_1_228' title='bbox 438 3937 527 4010; x_wconf 84' lang='lat' dir='ltr'>mibi</span> <span class='ocrx_word' id='word_1_229' title='bbox 556 3935 679 4105; x_wconf 44' lang='lat' dir='ltr'>segnitia</span> <span class='ocrx_word' id='word_1_230' title='bbox 697 3935 852 4048; x_wconf 79' lang='lat' dir='ltr'>maxime</span> <span class='ocrx_word' id='word_1_231' title='bbox 879 3934 1036 4034; x_wconf 84' lang='lat' dir='ltr'>infigne,</span> <span class='ocrx_word' id='word_1_232' title='bbox 1065 3930 1166 4103; x_wconf 40' lang='lat' dir='ltr'>&lt;guod</span> 
     </span>
     <span class='ocr_line' id='line_1_39' title="bbox 674 4050 1166 4127; baseline 0 -4"><span class='ocrx_word' id='word_1_233' title='bbox 674 4061 707 4127; x_wconf 73' lang='lat' dir='ltr'>,a</span> <span class='ocrx_word' id='word_1_234' title='bbox 1100 4050 1166 4103; x_wconf 78' lang='lat' dir='ltr'>re-</span> 
     </span>
    </p>
   </div>
   <div class='ocr_carea' id='block_1_6' title="bbox 0 0 1309 4716">
    <p class='ocr_par' dir='ltr' id='par_1_7' title="bbox 0 0 1309 4716">
     <span class='ocr_line' id='line_1_40' title="bbox 0 0 1309 4716; baseline 0 0"><span class='ocrx_word' id='word_1_235' title='bbox 0 0 1309 4716; x_wconf 95' lang='lat' dir='ltr'> </span> 
     </span>
    </p>
   </div>
  </div>
 </body>
</html>
