2602 4716
413 260 782 343 llllfflluaum.
1051 272 1125 355 aba

68 440 123 515 eia
154 452 221 514 aut
244 439 368 533 Acria,
391 438 507 517 Acida
526 455 594 517 ant
617 441 765 534 Amara,
778 442 928 520 viscosa
943 457 1006 520 aut
1020 445 1128 540 Salsa,

65 538 224 635 Pinguia
246 553 309 611 aut
325 537 516 634 styptica,
540 540 686 633 aquosa
712 556 776 615 aut
796 540 900 617 Sicca
919 544 1128 640 ingerimua,

61 659 114 710 ue
141 634 295 709 minima
317 636 463 730 quidem
480 638 517 711 in
533 637 823 734 cogitationibus
839 636 973 715 nolitia
990 640 1147 717 oriam>
1238 662 1241 669 ’

63 734 250 827 ¹uariatior
276 735 337 808 ubl
367 756 458 809 vero
487 736 673 811 volatilia:
706 735 914 832 Fragrantia
936 751 999 813 aut
1015 737 1131 815 Tetra
1180 818 1184 827 ,

64 845 131 915 ‚aut
158 829 348 926 spirituosa
377 831 612 925 adsumimus,
639 834 685 908 de
709 834 879 909 omnibus
903 835 979 909 fere
1008 835 1130 930 aliter,

10 924 12 1009 ζ
71 951 175 1022 quam
196 944 328 1018 antea,
351 929 565 1023 judicamur.
617 928 801 1006 Posterior
819 933 895 1007 brec
911 932 1007 1008 adio
1022 933 1130 1009 valde

72 1028 178 1102 nobis
199 1028 354 1103 obscura
373 1026 476 1102 est&
497 1027 681 1122 explicatu
706 1026 884 1120 difficilis,
910 1052 1019 1124 quum
1035 1029 1130 1126 Phy-

71 1124 196 1220 fiologi
225 1124 389 1199 nondum
420 1124 504 1201 satia
525 1127 724 1219 ‚explanate
762 1124 915 1201 definire
947 1128 1131 1204 valuerint

67 1218 445 1316 'adioneasystematis
460 1222 627 1309 nervos13
649 1223 779 1297 sivero
793 1245 815 1298 a
829 1223 1031 1318 posteriore
1068 1246 1128 1300 ro»

10 1310 13 1373 l
76 1317 300 1410 cedimuo&
325 1319 476 1395 effedlua
492 1320 750 1396 inebriantiurn
776 1322 1003 1414 experientia
1035 1249 1129 1400 duee

76 1417 340 1510 examinamus,
374 1417 614 1515 phaenomena
636 1416 940 1515 deprehendimur
971 1421 1129 1499 maxime

75 1515 288 1591 admiranda.
624 1524 677 1689 ί*
1109 1562 1113 1571 -

167 1707 369 1785 inebriantia
395 1711 510 1806 vulgo
537 1710 708 1785 dicuntur
740 1730 807 1803 ea,
831 1731 910 1805 que
935 1709 987 1784 ita
1015 1717 1130 1804 egum

68 1799 108 1879 'in
126 1803 277 1898 systema
293 1806 509 1899 nervosum,
534 1822 578 1884 ut
597 1807 670 1882 boc
693 1829 771 1882 non
792 1820 933 1884 tantum
958 1804 1128 1883 iurelu-

73 1926 116 1978 ne
144 1902 314 1996 Motus„
334 1905 394 1981 sed
419 1905 528 1981 etiarn
552 1904 592 1979 in
623 1903 768 1980 actione
792 1904 980 1981 Sentiendi
1010 1901 1129 1979 varie·

72 2013 137 2074 tur.
228 2024 281 2077 uae
298 2001 372 2077 hoc
393 2000 576 2092 efficiunt,
600 1999 884 2096 particularium
903 1998 1128 2077 subtilillima

21 2120 24 2205 i
73 2097 104 2170 b
132 2097 207 2170 levi
250 2121 338 2189 mre,
372 2113 519 2194 utpote,
539 2120 637 2195 qua,
656 2121 702 2173 ex
735 2098 999 2196 vegetabilibus
1030 2093 1128 2188 quali

22 2218 26 2231 ·
72 2218 133 2290 per
154 2195 309 2271 halitum
330 2195 570 2289 abscendant,
598 2196 660 2271 vel
683 2209 762 2271 arte
785 2197 948 2271 chemica
972 2193 1128 2269 fermen-

73 2291 181 2368 tando
206 2293 364 2371 maxime
383 2293 587 2377 sstbtilisatae
610 2292 691 2381 sunt
714 2290 967 2390 &spirituale
989 2309 1128 2383 vocab·

21 2364 29 2493 Ι
72 2402 137 2467 tun
197 2390 401 2497 Quomodo
431 2393 487 2468 he
521 2412 660 2469 nervos
690 2388 864 2468 adliciant
890 2386 1127 2479 &excitent

21 2498 25 2509 “
72 2487 283 2582 quotidiana
313 2488 474 2566 ostendit
511 2489 738 2585 experientia
773 2490 813 2567 in
843 2487 914 2580 iia,
950 2487 1012 2583 qui
1038 2481 1127 2561 deli·

72 2588 154 2681 quio
184 2588 347 2682 correpti
378 2587 534 2663 mortuis
564 2589 688 2682 jacent
712 2587 867 2678 fimiler,
892 2585 951 2662 sed
974 2584 1127 2659 admoto

71 2685 216 2758 naribus
236 2683 363 2779 spiritu
388 2684 469 2759 salia
491 2683 713 2761 ammoniaci
730 2685 793 2761 vel
811 2697 920 2760 aceto
940 2695 1005 2758 aut
1018 2679 1127 2771 vino,

71 2784 126 2854 vel
160 2782 272 2855 etiam
303 2782 437 2877 plantis
467 2782 732 2880 fragrantibus,
771 2783 819 2858 ab
850 2780 929 2857 orci
959 2777 1127 2854 faucibus

70 2880 161 2973 quali
189 2894 433 2970 revocantur,
458 2879 542 2955 dum
576 2878 664 2955 nudi
690 2880 730 2955 in
753 2880 831 2956 sinu
859 2877 993 2954 frontis
1019 2870 1126 2951 nervi

71 2975 311 3070 aspiritnofis
346 2976 587 3054 vivificantur
624 2975 658 3050 dt
700 2977 985 3054 exstimulantur.
1045 2966 1126 3073 Pati

70 3074 182 3150 modo
211 3074 275 3165 ubi
308 3096 389 3169 para
422 3075 542 3171 aliqua
569 3074 737 3169 corporis
768 3073 942 3164 contusa,
965 3068 1128 3164 sugillare

72 3186 131 3245 aut
153 3172 376 3269 inflammata
401 3172 475 3262 est,
503 3170 722 3247 resolventia
738 3172 922 3267 adplicant
943 3163 1128 3261 Chirurgi,

72 3290 148 3362 quae
172 3267 362 3364 spirituosa
390 3270 471 3345 lbnt
500 3282 563 3343 aut
593 3269 789 3366 mantia
826 3267 1015 3355 volatilia,
1048 3282 1127 3356 quar

72 3366 132 3440 suo
165 3367 283 3461 halitu
317 3388 450 3463 corpur
474 3366 633 3456 intrant,
659 3365 856 3460 nervisque
886 3359 1127 3443 semimortuo

73 3465 182 3538 vitam
216 3464 368 3553 inflant,
399 3485 475 3558 quo
506 3462 572 3554 fit,
598 3479 641 3537 ut
666 3462 760 3538 abbio
790 3463 876 3536 vitae
904 3462 940 3537 in
961 3483 1004 3534 ea
1024 3470 1128 3573 parte

73 3559 256 3636 sanitatem
282 3561 468 3648 restituatr
495 3575 648 3652 contra,
672 3561 696 3636 fi
724 3561 803 3654 quir
829 3560 1038 3640 vehementi
1062 3554 1127 3630 do·

73 3657 148 3736 lore
175 3675 238 3734 aut
260 3657 443 3753 constanti
464 3659 658 3755 pervigilio
683 3659 847 3748 laborat,
873 3655 1012 3732 Medici
1033 3665 1128 3726 tetra

75 3757 289 3850 propinant,
315 3768 358 3828 ut
391 3755 634 3851 papaverina,
661 3756 722 3828 vel
756 3778 798 3830 ea
829 3757 937 3851 etjam
976 3764 1128 3827 externe

75 3852 274 3948 adplicant,
300 3869 343 3926 ut
369 3855 574 3945 Anathum,
601 3851 783 3948 Crocum,
807 3849 1058 3948 Myristicam,
1083 3844 1130 3925 ad

76 3950 344 4045 producendum
367 3950 543 4028 somnum.
569 4045 614 4121 M
793 3961 798 3974 '
998 4049 1022 4137 s
1072 3976 1115 4115 Ἡ
