2602 4716
355 113 567 192 norrun
592 114 846 221 Qunsmmz
1056 144 1133 218 417·

42 296 428 378 medicamentorum.
491 296 695 390 Utrumque
725 296 798 371 boc
830 293 1026 375 Medicinae
1060 302 1135 376 fui:

50 419 167 471 crum
210 394 362 490 perinde
398 393 633 470 necessarium
669 394 821 470 Medico
862 397 925 471 est.
990 401 1132 504 Quem·¹

52 493 262 570 admodum
282 495 401 571 ,enim
435 515 513 567 non
555 490 656 566 refici
700 492 934 590 horologium
975 495 1128 576 fractum

58 592 211 690 potest,
247 593 308 665 vel
338 593 376 665 in
402 606 507 664 motu
535 589 707 663 ordinato
737 594 938 682 turbatum,
981 593 1045 668 nist
1070 597 1126 668 vi·

61 694 123 765 tio
148 693 266 786 probe
289 687 499 784 perspecto,
526 688 559 760 dr
589 687 834 763 instrumentis
859 691 1023 781 idoneis,
1048 693 1134 786 qui·

64 791 136 864 bus
156 785 363 876 reficiatur,
391 789 544 881 aptatis3
577 786 623 859 src
645 786 755 879 etjam
777 810 846 861 nec
868 789 1011 863 tollitur
1030 811 1130 866 mor·

69 889 159 976 bur,
204 885 267 959 nisi
302 899 430 958 nature
463 885 540 976 ejus
570 883 723 977 primum
756 885 925 980 cognita,
970 887 1128 963 medica·

76 984 273 1076 meritisque
301 983 396 1076 aptis
420 980 641 1078 propinatis.
710 979 777 1056 He
808 1003 899 1056 vero
928 984 1129 1062 Medicina

81 1096 215 1175 partes,
250 1083 356 1153 vario
389 1093 579 1173 tempore,
610 1078 712 1152 varia
739 1079 878 1153 subiere
904 1081 988 1155 satu.
1050 1082 1128 1157 Ve-

82 1192 190 1268 teres,
230 1200 298 1270 pro
331 1176 476 1250 ratione
507 1174 557 1265 sui
590 1177 679 1266 evi,
715 1178 966 1253 celebrandam
996 1181 1136 1256 utrium.

89 1298 149 1368 que
172 1276 375 1350 habuerunt
406 1274 597 1363 notitiam,
629 1273 788 1368 &eque
814 1277 850 1349 in
876 1275 1131 1372 dignoscendis

87 1372 426 1447 Medicamentorum
465 1372 676 1464 simplicium
712 1373 876 1466 viribus,
921 1374 1035 1449 acin
1066 1374 1129 1450 Se·

89 1471 233 1544 mioticis
265 1470 301 1544 dr
328 1469 574 1567 Prognosticis
609 1469 737 1544 versati
768 1469 863 1548 sunt.
924 1471 1134 1547 Revocatic

95 1584 194 1642 autem
219 1564 400 1661 scientiis,
436 1572 518 1641 cum
545 1568 677 1645 clarior
703 1569 766 1642 lux
791 1568 924 1645 litteris
950 1568 1132 1655 affuisset

96 1668 266 1755 omnibus,
315 1686 358 1738 ea
389 1666 598 1759 cumprimis
634 1687 737 1760 pars,
782 1688 861 1760 qne
897 1666 1026 1743 statum
1060 1667 1132 1743 bo·

94 1765 183 1839 minin
215 1762 338 1838 sanum
363 1762 642 1855 morbosumque
668 1764 801 1851 docet,
841 1764 976 1838 summo
1007 1765 1132 1840 studio

97 1856 278 1955 brumaque
306 1882 392 1933 cura
426 1861 731 1934 Anatomicorum
767 1859 1133 1959 &Physrologorum

96 1960 392 2047 mechanicorum,
434 1960 480 2030 ad
512 1959 682 2031 summum
724 1957 800 2030 sere
840 1961 1012 2052 pervenit
1048 1980 1133 2053 per·

93 2053 244 2132 fritionis
274 2077 470 2157 cacpmcn3
504 2055 587 2128 dum
617 2069 746 2129 contra
772 2056 853 2146 illa,
885 2078 963 2148 quae
996 2056 1041 2130 de
1063 2055 1132 2130 Vi·

92 2151 174 2230 ribus
193 2152 558 2227 'medicamentorum
599 2153 693 2250 agit,
739 2153 778 2228 in
819 2153 965 2247 primis,
1015 2150 1134 2230 saltim

91 2247 159 2342 diu,
200 2254 389 2326 cunabulis
430 2251 548 2340 hesit,
591 2249 714 2326 nescio
748 2250 812 2326 vix
844 2273 920 2347 quo
955 2250 1035 2326 fato
1067 2271 1134 2327 ne·

85 2347 200 2439 gretia.
275 2349 335 2422 Sic
375 2351 554 2442 pleraeque
592 2353 723 2443 plantae
760 2349 892 2425 nostre
931 2349 1135 2426 officinuicr

83 2447 138 2522 usu
154 2461 296 2522 tanturn
313 2447 485 2519 coluntur
502 2448 773 2541 Antiqnorum,
798 2449 1011 2523 Grrecorum
1030 2469 1138 2525 nem··

76 2555 122 2630 pe
150 2548 185 2619 dr
211 2545 394 2633 Arabum,
432 2546 605 2636 aquibus
631 2545 798 2637 quidem,
832 2544 1045 2639 prejudicio
1072 2544 1134 2619 sc·

73 2643 210 2727 niune
248 2642 379 2715 virium
419 2640 571 2727 scduiii,
618 2644 843 2715 recentiores
883 2644 1018 2736 amplas
1054 2640 1135 2719 suat

70 2742 346 2817 concinnarunt
382 2740 728 2814 medicamentorum
767 2740 962 2828 formulas,
1005 2740 1141 2835 potiue-

69 2844 198 2915 tamen
216 2838 328 2912 credo
349 2837 386 2911 in
406 2834 660 2911 detrimentum
682 2838 716 2909 dr
741 2837 1003 2932 opprobrium,
1026 2857 1137 2930 quam

63 2939 190 3013 robur
215 2936 248 3008 dr
274 2936 558 3010 emolumentum
592 2935 799 3013 Medicinae.
865 2933 990 3009 Caussa
1016 2955 1135 3027 vero,

65 3051 163 3125 eur,
194 3054 261 3128 per
284 3047 343 3105 tot
372 3032 509 3117 secula,
538 3031 702 3127 prosena
724 3035 801 3108 hnc
831 3032 1027 3107 Medicina
1049 3052 1135 3125 parc

63 3129 326 3218 succubuerit,
353 3152 396 3203 ea
422 3130 613 3222 presertim
639 3130 708 3204 eise
734 3129 900 3218 videtur,
929 3129 1028 3220 quod
1052 3129 1136 3202 Me·

63 3230 173 3320 dici,
204 3248 275 3302 nec
295 3241 466 3321 quantum
478 3230 672 3322 oportuit,
701 3250 771 3303 nce
795 3241 968 3322 quantum
987 3226 1136 3317 decuit,

65 3324 113 3406 in
152 3325 314 3401 scientia
350 3325 528 3398 Botanica
563 3325 693 3399 versati
729 3325 884 3411 suerint:
927 3324 987 3400 cui
1023 3325 1139 3419 etjam

66 3422 160 3503 audi
194 3421 316 3518 potest
351 3423 412 3496 illa
452 3420 636 3518 divulgata
677 3424 856 3515 nimium,
898 3445 964 3517 per
1008 3423 1140 3498 orbern

66 3521 283 3612 medicum,
311 3519 537 3615 quorundam
556 3520 721 3612 theoria,
749 3543 819 3617 qua
840 3521 926 3594 artis
947 3517 1139 3595 salutifero
1230 3578 1241 3597 .

72 3620 254 3697 cultores
281 3615 405 3693 sedulo
437 3618 752 3694 amedicamentis
779 3619 912 3693 toxicis
942 3632 1147 3711 caverent,

73 3737 197 3811 eaque
235 3714 441 3810 prorsusie
475 3716 560 3789 soro
597 3717 835 3812 exstirparent
873 3715 1140 3812 therapeutico.

73 3815 158 3893 Sed·
184 3812 351 3889 nesciunt
379 3834 542 3890 erronee
569 3815 749 3906 ejusmodi
780 3813 971 3892 sedatorer
1000 3811 1141 3889 senten·

85 3912 225 3993 ..ἴση
245 3912 310 3992 Vl.
662 3911 742 3987 Dd
791 4013 796 4026 ἱ
1056 3910 1142 4004 tic,
