2602 4716
491 214 773 296 RAPHANIA.
1084 230 1154 316 ttt
1222 333 1228 344 .

105 365 334 492 uterumque,
365 417 440 492 quo
459 396 498 472 in
511 396 616 472 Praxi
637 395 854 493 gaudemus,
876 383 1060 487 luminen,
1087 393 1162 468 illis·

105 499 298 573 ’eieramus
323 509 523 597 acceptum.
574 497 732 598 Quidam
761 495 856 568 enim
882 494 1001 571 morbi
1030 489 1161 586 afibra

105 595 801 785 timiditasdissiliit
821 593 1018 766 stitit
1039 589 1160 780 iiii

105 791 162 883 50,
193 806 382 866 attenuatur
415 787 545 878 acido,
570 795 792 886 impinguatur
822 787 941 879 dulci,
978 789 1161 861 lubricatur

105 890 268 980 inscide,
297 891 458 962 emollitur
484 886 623 983 pingui.
670 884 809 959 Contra
840 907 933 959 vero
964 884 1067 960 Fibra
1089 883 1163 958 La·

105 1010 150 1067 :a
172 987 352 1083 txfitsntur
380 985 500 1076 stcc0‚
533 987 759 1059 corroboratur
786 1005 932 1073 amaro,
965 983 1162 1081 abjungitur

105 1085 215 1175 falso,
248 1086 429 1159 corroditur
464 1080 562 1173 scri,
594 1083 808 1177 adstringitur
838 1080 1010 1175 styptico.
1071 1079 1165 1155 Sunt

105 1185 141 1258 dt
172 1181 236 1256 alii
264 1179 407 1270 morbi,
449 1182 510 1274 qui
544 1180 590 1252 ab
629 1180 710 1276 ipsrs
755 1177 911 1254 existant
947 1177 1089 1268 fluidis,
1127 1177 1164 1250 dt

105 1302 236 1356 eorum
278 1277 425 1372 quidem
465 1278 527 1351 vel
563 1275 713 1372 Diatbest
750 1279 811 1350 vel
846 1275 947 1371 Craſs.
1021 1272 1164 1351 Eodem

105 1375 232 1473 itaque
255 1373 369 1452 modo
390 1374 559 1470 Diatbesss
576 1375 686 1450 Acila
706 1375 889 1470 absorbetur
910 1374 1027 1461 ficto,
1039 1372 1163 1470 figitur

107 1498 255 1567 nmar03
292 1471 518 1567 &Diatbests
543 1475 686 1548 Putrida
706 1472 902 1568 infringitur
926 1471 1056 1560 acido,
1080 1469 1164 1566 fige·-

110 1591 319 1652 ursmaro.
374 1570 480 1667 Crafir
496 1568 676 1666 sanguinis
695 1572 757 1645 vel
778 1571 897 1645 Tenuis
919 1568 971 1643 est
991 1570 1053 1643 vel
1071 1571 1164 1645 Den-

105 1674 164 1774 sa,
202 1673 334 1768 Vistida
352 1674 415 1743 vel
437 1668 565 1754 Acris‚·
591 1666 750 1742 semiliter
778 1669 934 1763 ideoque
965 1667 1084 1743 Tenuis
1109 1668 1165 1741 ab·

105 1767 253 1872 sorbetur
275 1767 393 1857 srcco,
424 1763 610 1862 infprjffntur
634 1763 825 1862 styptica?
840 1767 963 1862 Densa
977 1762 1167 1861 mundifica·

111 1883 166 1944 rur
186 1861 349 1961 aquoso,
372 1868 528 1939 inciditur
545 1862 641 1953 acri3
684 1866 814 1962 Wseiela
838 1880 1028 1963 penetratur
1054 1861 1166 1950 salso,

111 1969 287 2064 resolvitur
317 1961 437 2037 acido.
492 1959 596 2036 Aeris
623 1965 806 2057 inviscatus
826 1963 989 2051 vileidu,
1022 1965 1167 2035 obtundi·

114 2081 167 2139 tur
191 2062 345 2158 pingui,
373 2062 577 2135 edulcoratur
605 2057 724 2150 dulci,
760 2057 990 2154 mundificatus
1016 2053 1165 2152 aquoso.

114 2160 313 2256 iniquioris
347 2173 467 2232 sutem
498 2156 741 2252 indagationis
778 2178 837 2231 res
871 2158 980 2231 etiam
1016 2160 1054 2230 in
1087 2175 1169 2228 cor·

116 2280 205 2356 pore
231 2254 361 2333 nostro
385 2253 494 2347 latet,
517 2270 620 2328 nutus
644 2259 865 2352 principium,
888 2253 1029 2330 herens
1051 2254 1089 2328 in
1116 2251 1172 2327 in·

119 2357 213 2432 timis
246 2352 415 2431 medullis
448 2352 482 2424 dt
512 2356 697 2448 attentato,
728 2352 827 2446 quod
854 2351 899 2429 ad
933 2374 1062 2428 omnes
1090 2368 1172 2425 cor·

117 2455 217 2550 poris
241 2466 364 2549 partes
394 2450 529 2523 emittit
552 2474 688 2534 neruos,
721 2448 884 2546 sennim,
910 2449 949 2526 in
981 2471 1073 2546 quos
1098 2450 1174 2527 sola

117 2549 322 2628 natatilia&
345 2552 429 2624 otilo
455 2560 577 2642 agunt.
640 2545 863 2644 Principium
892 2548 980 2623 illud
1006 2571 1084 2633 ¹nec
1118 2546 1175 2621 in·
1227 2568 1231 2581 ’

119 2648 265 2727 teltetiu
295 2667 396 2740 aeque
426 2644 534 2719 facile
569 2643 642 2735 est,
671 2667 762 2738 nec,
787 2647 851 2720 ubi
884 2647 1049 2746 luditur,
1073 2663 1176 2721 curn·
1289 2701 1291 2705 ,

120 2761 167 2830 tu.
235 2742 540 2820 Commemoretae
585 2740 710 2816 caussa
749 2743 925 2837 proximu
959 2743 994 2818 aa
1031 2745 1174 2819 mechn-

119 2850 209 2923 uicae
245 2845 326 2919 suas
359 2862 528 2936 quoque,
567 2861 653 2933 quas
690 2855 1016 2933 renatus-vocant,
1042 2839 1178 2918 caudas

117 2942 278 3034 babeat,
323 2961 401 3030 uae,
425 2939 615 3012 maximam
634 2952 787 3031 partem,
803 2937 996 3014 Diaetama
1048 2938 1179 3016 obeunt

115 3041 265 3121 iontem
380 3037 579 3132 originem
621 3034 782 3128 quaedam
823 3058 917 3113 vero
954 3037 991 3133 ip
1007 3060 1063 3113 am
1094 3052 1178 3112 aeta·

112 3149 188 3220 tem
202 3190 219 3230 ,
243 3134 405 3232 quedam
436 3135 659 3230 contagium.
716 3134 921 3231 Plerosque,
949 3137 1004 3211 uti
1029 3134 1179 3220 dicium,

105 3231 329 3318 hfemnmr
361 3254 426 3329 per
449 3232 628 3322 Dimum,
660 3242 766 3326 qudm
793 3231 1021 3308 constituunt
1039 3235 1103 3328 ses
1124 3252 1178 3306 res

105 3336 224 3416 diste
247 3354 313 3408 nott
329 3334 515 3419 naturales,
540 3350 670 3423 nempe
696 3332 900 3430 Respiratia‚
923 3333 1070 3427 Ingesta,
1100 3330 1181 3405 Ma·

105 3445 196 3526 tur,
226 3430 388 3518 sannas,
425 3429 572 3503 Exartta
593 3428 629 3500 dt
649 3434 749 3504 animi
775 3429 983 3524 Patberuato.¹
1036 3426 1182 3503 Frustra

105 3533 212 3631 [epe
248 3528 400 3623 optimis
435 3525 625 3600 medicinis
662 3539 817 3619 conatur
845 3526 1007 3602 medicus
1043 3552 1103 3624 cau
1129 3550 1182 3600 aar

105 3634 303 3739 proximan
338 3625 494 3714 tollere,
530 3621 652 3696 Diaeta
683 3640 835 3698 renatam
869 3625 1051 3699 continuo
1107 3622 1183 3700 ubi·

105 3730 260 3807 mente.
327 3722 570 3809 Medicorum,
601 3720 723 3814 itaque
760 3720 829 3797 eise
873 3720 1005 3811 debet,
1050 3721 1184 3817 majori

105 3844 212 3913 tura
244 3821 281 3897 dt
307 3818 552 3897 sollicitudine
587 3817 633 3890 de
665 3816 782 3896 caussa
813 3833 956 3895 remota
985 3818 1181 3916 inquirere.
1225 3826 1228 3833 '

105 3912 322 4025 vetegitur
346 3930 472 3996 autem
494 3917 558 3994 ille
584 3915 794 3996 difficillime
807 3919 894 3996 -sme
923 3917 1036 3996 solida
1058 3917 1185 4015 cogni·

1075 4017 1184 4092 dona
