2602 4710
504 229 785 318 urrunnun.
1099 247 1170 328 443
1246 172 1248 176 Α

108 412 177 511 qui
216 411 416 501 Hordeum=
442 411 670 486 comederint
701 411 902 505 impurum,
943 410 977 484 δι
1015 412 1173 487 humidis

110 512 264 607 quidem
289 509 468 584 aestatibus
493 509 705 603 praegreffis,
731 530 898 605 agrorum
916 509 1021 591 uitiis¹
1036 510 1174 585 fic'fru·
1272 502 1277 517 ”

106 622 244 687 mento
271 608 452 703 copiofius
482 606 660 692 admistis;
698 607 879 700 sequitur,
904 625 946 683 ut
972 608 1174 683 RAPHA-

107 708 159 784 N
164 709 228 782 US
252 704 504 802 Raphanistrum
524 707 696 780 omnium
712 706 844 781 horum
870 709 1047 782 malorum
1074 706 1175 779 incu-

109 804 246 898 sandus
274 803 328 879 fit.
521 888 522 892 Ν

580 906 614 994 §.
665 900 714 976 ll.

218 999 395 1074 Praeterea
419 1021 547 1075 omues
570 1000 648 1073 fere
678 999 966 1094 Tetradynamas
993 995 1067 1073 udo
1098 995 1178 1071 solo

115 1099 288 1192 coeloque
322 1099 436 1171 laetari
463 1097 497 1170 ἂ
521 1099 725 1190 luxuriare,
754 1096 837 1173 satis
875 1095 1064 1192 cognitum
1102 1093 1178 1184 est,

115 1217 233 1292 quare
263 1196 443 1290 pleraeque
474 1195 615 1270 illarum
651 1195 800 1270 humido
833 1196 972 1270 vernali
1012 1209 1179 1287 tempore

116 1295 273 1389 optime·
291 1294 429 1388 vigent.
486 1293 616 1368 Itidem
647 1293 812 1394 constat,
843 1294 1016 1390 plurimas
1042 1310 1192 1381 earum,

117 1392 156 1467 ὰ
192 1391 229 1466 in
261 1390 317 1464 his
350 1391 584 1484 Raphanum,
618 1400 689 1466 arri
717 1397 847 1468 volatili
874 1391 1031 1479 scatere,
1056 1388 1180 1482 quod,
1278 1405 1282 1410 ·

116 1488 187 1566 ubi
222 1489 358 1562 raditur
387 1489 623 1579 Armoracia,
649 1490 778 1565 teritur
800 1489 968 1583 sinapis,
993 1486 1182 1560 diffecatur

116 1584 344 1682 Raphanus,
373 1588 433 1659 vel
456 1587 691 1660 manducatur
720 1587 937 1682 Lepidium,
971 1586 1015 1661 ad
1049 1582 1182 1659 nudio-

115 1706 183 1761 res
208 1705 344 1758 neruos
366 1687 551 1770 exhalans,
571 1685 753 1759 adscendit
773 1686 897 1779 ibique
919 1684 1019 1759 rodit
1035 1683 1070 1757 ἀ
1089 1704 1182 1776 pun-

119 1784 203 1881 git,
239 1795 281 1854 ut
311 1780 410 1855 oculi
445 1784 714 1877 delacryment,
744 1783 847 1858 nasus
878 1783 1008 1874 stillet,
1044 1803 1089 1854 ot
1119 1781 1184 1882 hur

115 1881 289 1957 moribus
325 1882 529 1973 repleatur,
571 1882 604 1954 ἀ
641 1880 781 1954 Natura
821 1882 947 1974 omni,
988 1901 1062 1974 quo
1101 1868 1193 1952 fieri

116 1966 253 2077 polit,
286 1978 421 2069 modo,
455 1977 527 2052 hoc
561 1979 623 2053 fibi
650 1979 743 2053 adeo
774 1979 961 2055 inimicum
990 1973 1186 2070 ejicere&

121 2075 311 2172 expellere
339 2089 469 2151 tentet.
932 2167 938 2175 ,

224 2169 262 2245 T
264 2172 535 2267 etradynamas,
561 2172 648 2246 solo·
674 2174 839 2269 coeloque
865 2173 1072 2262 humente,
1093 2167 1185 2243 acri·

122 2291 214 2367 ores
252 2269 461 2345 solemniter
494 2268 573 2345 fieri
608 2273 761 2364 plutima
795 2272 961 2366 exemplu
995 2286 1185 2344 common·

122 2368 253 2447 strant.
310 2369 460 2443 Scilicet
483 2368 698 2469 Armorum,
723 2371 748 2445 li
773 2385 925 2465 propter
950 2391 1077 2463 aquam
1109 2385 1187 2471 cre·

121 2466 249 2554 verit,
279 2467 371 2540 adeo
402 2464 473 2540 e'rit
494 2467 610 2557 acris,
637 2481 680 2541 ut
703 2469 764 2543 illa
786 2469 851 2542 vix
884 2467 938 2542 uti
968 2466 1105 2561 polis.⁷
1137 2461 1189 2538 Et

123 2564 207 2659 ipsa
221 2566 329 2662 Rapa,
353 2563 390 2639 in
416 2562 516 2639 srccis
540 2564 754 2660 dulciffima,
779 2566 858 2640 udis
880 2565 918 2641 in
950 2566 1068 2638 hortis
1095 2561 1188 2638 acri·

123 2662 292 2739 moniam
316 2663 502 2738 contrahit
531 2662 714 2756 insignem.
766 2664 820 2738 Ut
846 2676 1027 2737 taceamus
1059 2660 1189 2759 herbae¹

126 2760 317 2854 aquaticas
340 2760 460 2852 perse
485 2759 622 2853 semper
648 2761 829 2854 acriores,
856 2783 889 2835 e.
903 2782 937 2858 g.
959 2760 1189 2857 Perficarm,

127 2859 369 2947 flamarum
393 2859 621 2931 Rurrunculum
633 2861 828 2952 sceleratum
846 2859 913 2932 &c

231 2957 344 3032 Hisce
376 2954 525 3050 positis,
557 2954 736 3049 sequitur,
774 2972 816 3031 ut
842 2955 1039 3052 Raphanus
1066 2952 1192 3030 noster

129 3074 214 3131 non
238 3054 354 3129 laetius
380 3067 521 3128 tantum
555 3053 592 3127 in
616 3054 730 3150 agris,
756 3054 877 3130 astate
907 3053 1075 3143 humida,
1099 3055 1193 3128 mul·

131 3152 346 3247 tiplicetur,
378 3150 437 3224 sed
469 3150 579 3225 solito
610 3152 718 3226 etiam
753 3151 872 3226 acrior
903 3151 1044 3245 existat.
1107 3150 1193 3224 Nec

131 3249 359 3326 reticendum
396 3249 456 3322 hic
493 3249 566 3336 est,
603 3250 701 3343 quod
735 3247 1015 3346 Tetradynamae
1050 3263 1194 3331 tantum

134 3367 215 3423 nou
239 3367 388 3435 omnes,
418 3348 455 3421 in
480 3347 585 3421 usum
605 3348 787 3423 medicum
819 3344 1029 3439 vertenda,
1058 3344 1195 3435 servari
1279 3368 1282 3433 ξ

132 3445 274 3529 {iccata
305 3467 381 3538 non
409 3444 577 3518 debeant.
621 3444 688 3519 ¹Sic
718 3446 816 3521 enirn
839 3449 1051 3540 plerumque
1079 3445 1195 3520 virtu·
1278 3438 1283 3533 l

134 3544 207 3630 tis,
246 3541 379 3631 idest,
405 3542 770 3637 principii'volatilis
803 3545 992 3618 amittuntt
1028 3542 1065 3618 id
1096 3542 1198 3637 quod
1271 3554 1277 3573 ²

134 3641 308 3733 exemplo
337 3643 546 3728 Crthleariu,
581 3641 754 3736 Nasturtii
779 3643 846 3717 &c
878 3641 1031 3717 constat.
1083 3641 1195 3717 Semi:

134 3759 224 3813 num
249 3759 341 3812 vero
368 3739 438 3812 alia
459 3739 555 3812 ratio
581 3737 645 3812 est.

233 3835 412 3910 Videmus
435 3850 554 3910 autem
581 3836 810 3931 Raphanistri
834 3836 1002 3917 effectum
1030 3835 1203 3932 inprimis·

124 3954 228 4012 'mox
260 3955 281 4008 a
313 3934 477 4011 collectis
503 3935 695 4013 frumentis
732 3933 836 4014 fuille
867 3937 1198 4031 noxium-sentim

1099 4057 1193 4114 veto
